3126 5400
784 533 988 594 ...12-

224 752 226 755 ·
334 717 406 779 inde
427 716 466 780 ab
490 734 572 778 anno
598 714 682 777 1204
703 731 804 794 usque
827 715 867 775 cd
891 715 999 776 urbem
1023 735 1041 776 a
1064 716 1262 797 Palaeolcgo
1292 735 1445 798 recupe-

333 834 433 888 ratam
458 827 612 904 continet,
633 809 767 884 alterum
791 823 893 884 tribus
914 826 1001 885 libris
1024 825 1185 888 historiam
1210 827 1446 906 complectitur

332 932 519 993 familiarum
541 930 804 1011 occidentalium,
829 950 957 1012 quornm
981 931 1117 994 dominia
1146 933 1266 1014 imperii
1288 934 1444 994 Franco·

334 1039 504 1121 Byzantini
533 1039 717 1118 superstitio
747 1039 886 1100 suerunt.
921 1041 1014 1100 Hauc
1037 1041 1134 1120 igitur
1163 1042 1384 1102 recensionem
1410 1041 1443 1102 si

334 1168 406 1212 curn
418 1150 470 1212 illa
491 1153 799 1230 comparaverimus,
824 1159 912 1212 tanto
926 1169 1022 1230 opere
1045 1170 1114 1212 eam
1131 1160 1163 1212 et
1179 1151 1297 1213 chartis
1320 1171 1441 1214 emen-

334 1255 439 1330 datam
465 1271 540 1318 esse
561 1273 803 1338 cognoscemus,
828 1267 861 1318 nt
884 1277 1000 1320 novum
1022 1277 1124 1338 paene
1147 1260 1332 1338 opusculum
1356 1277 1442 1322 esso

336 1361 490 1424 videatur.

420 1486 622 1564 Quaeramus
645 1487 759 1567 igitur,
781 1483 855 1564 quid
878 1485 928 1552 sit,
950 1483 1038 1565 ,quod
1060 1483 1145 1564 apud
1168 1483 1370 1563 Ducanginm
1396 1481 1442 1544 de

338 1565 533 1654 Athenarum
565 1593 699 1657 historia
729 1593 914 1671 reperiatur.
959 1590 1064 1666 Quam
1085 1591 1130 1662 si,
1167 1593 1210 1652 uti
1233 1599 1346 1671 postea
1374 1588 1441 1650 de-

338 1699 582 1773 monstrabitur,
617 1699 647 1758 in
678 1706 743 1758 tres
774 1697 943 1777 dividimus
974 1697 1142 1777 periodos,
1176 1696 1337 1777 deprime
1366 1696 1439 1774 illa,

298 1863 301 1868 .
336 1827 430 1890 qnam
449 1797 724 1888 Francogollicam
740 1805 950 1886 appellamus,
972 1806 1090 1885 optime
1107 1805 1243 1883 disserit,
1261 1819 1439 1886 quum—non

336 1915 521 1976 solnm-res
542 1914 654 1974 ducum
685 1931 727 1972 ex
755 1920 851 1991 gente
874 1911 1017 1990 Rupeusi
1040 1910 1098 1982 (de
1120 1911 1150 1972 ln
1173 1909 1300 1983 Rcche)
1324 1913 1439 1974 criun-

338 2022 446 2084 dcrnm
476 2040 532 2100 pro
554 2021 694 2083 fontibus
724 2022 752 2081 ei
775 2021 893 2099 opertis
914 2019 994 2078 sutis
1021 2027 1174 2109 accurate
1195 2015 1349 2097 venur'ret,
1373 2017 1435 2078 sed

339 2129 435 2190 etiarn
458 2129 588 2190 chartas
602 2103 701 2208 duas,
724 2145 805 2207 quae
827 2125 867 2186 ad
889 2125 1100 2186 illustrandam
1120 2123 1275 2190 (luidonis
1287 2128 1311 2187 l.
1334 2126 1433 2198 (tert

345 2234 487 2308 -12610
522 2233 687 2294 historiam
722 2233 853 2293 multum
883 2233 1071 2306 conferunt,
1106 2251 1148 2294 ex
1177 2233 1320 2294 archivio
1350 2223 1441 2315 regio

342 2340 504 2406 exhibeat.
534 2341 635 2402 Miror
667 2349 791 2418 tamen,
822 2337 875 2418 qni
902 2338 1023 2400 factum
1046 2339 1105 2417 sit,
1136 2349 1170 2400 ut
1200 2336 1381 2402 Gnidonem
1404 2342 1436 2402 ll

343 2449 455 2512 duc'em
475 2447 717 2523 (taso-1308)
747 2449 996 2528 praetermiserit
1018 2448 1151 2528 eiusque
1174 2447 1244 2511 loco
1267 2447 1434 2530 liugonem

289 2585 292 2589 ·
343 2554 558 2626 Bchunensern
575 2557 632 2639 (de
656 2557 822 2634 Brienne),
844 2556 924 2616 hirii
947 2547 1095 2616 comitem
1119 2567 1151 2616 et
1174 2555 1358 2638 Carytenae
1373 2555 1435 2618 do-

347 2671 477 2746 minnm,
502 2667 699 2728 Athenarum
723 2665 836 2728 ducem
860 2663 995 2726 finxerit.
1026 2664 1130 2726 ·Nam
1153 2665 1205 2736 nil,
1226 2665 1287 2726 nisi
1308 2667 1436 2728 tutelam

336 2775 504 2840 -Guidonis
525 2775 655 2835 infantis
685 2775 791 2854 gessit
822 2772 940 2852 Hugo,
967 2771 1059 2832 cuius
1081 2770 1206 2852 quidem
1227 2751 1316 2834 iilius·
1334 2771 1439 2836 Gnol-

339 2894 432 2952 terns
469 2879 730 2954 ottus-1310)
761 2879 881 2968 primus
913 2887 943 2939 et
978 2878 1104 2940 ultimus
1141 2880 1207 2941 dux
1244 2880 1437 2942 Athenarum

343 3011 385 3052 cx
420 2990 597 3052 Brennensi
635 2989 752 3050 familia
786 2996 876 3049 ortus
908 2988 1023 3050 extitit.
1085 2987 1219 3050 Scilicet
1254 2988 1434 3067 Scipionem

344 3098 553 3160 Ammiretnm
584 3083 742 3174 inspicere
777 3093 806 3153 ei
833 3093 942 3170 licuit,
971 3093 1041 3174 qui,
1076 3092 1149 3154 dnm
1179 3093 1219 3154 dc
1247 3095 1434 3176 genealogie

345 3203 573 3267 Brennensium
612 3202 760 3265 comitum
800 3198 880 3284 Licii
915 3198 1062 3280 disserit,
1106 3201 1243 3264 archivii
1281 3203 1433 3284 Neapoli-

344 3293 408 3375 tani
439 3310 561 3372 chartis
595 3309 725 3390 prohat,
757 3309 929 3389 Hugonem
960 3327 1115 3392 nunquam
1145 3311 1342 3374 Athenarum
1370 3311 1432 3372 du·

344 3439 414 3498 cnm
446 3419 568 3496 inisse,
598 3416 689 3477 hisce
711 3414 818 3476 verbis
841 3416 973 3484 usns¹):
1002 3415 1119 3498 „Ugc,
1148 3425 1242 3478 conte
1265 3417 1296 3480 di
1319 3418 1427 3491 Lecce,

346 3525 377 3584 la
414 3519 620 3604 cuipmoglie
655 3520 754 3582 Elcna
787 3538 806 3580 e
843 3538 925 3580 non
962 3519 1130 3601 eglitin
1168 3521 1259 3582 Duca
1293 3518 1322 3582 d’
1352 3523 1430 3584 Alc·

345 3627 421 3690 ne.“
467 3618 612 3690 Guotreri
635 3633 739 3686 autem
771 3631 803 3684 et
832 3625 922 3704 primi
949 3633 983 3685 ct
1012 3624 1145 3687 secundi
1174 3645 1249 3708 res,
1286 3647 1429 3708 praescr-

344 3739 399 3799 tim
437 3737 536 3797 altera
574 3733 679 3813 operis
715 3733 902 3792 recensione
907 3775 919 3807 ,
965 3739 1052 3792 tanta
1087 3749 1159 3794 cum
1195 3733 1336 3799 sollertia
1363 3735 1428 3798 dili·

342 3846 520 3930 gentiaqne
551 3838 739 3919 descripsit,
774 3845 806 3898 ut
827 3845 936 3902 nostro
954 3839 1054 3904 ,etiam
1084 3845 1227 3920 tempore
1257 3841 1313 3904 vix
1342 3843 1427 3923 quic·

321 4049 329 4056 ,
351 4035 601 4052 w
663 4035 667 4042 t

366 4168 393 4232 l)
412 4170 457 4218 sc.
480 4149 628 4218 Ammirato
656 4169 773 4233 lamiglie
800 4169 908 4220 celebre
930 4169 1103 4230 nepotatane.
1138 4167 1260 4217 hirenes.
1286 4127 1419 4218 tutastot.

412 4258 443 4307 Τ.
462 4260 480 4310 l.
499 4274 524 4322 p.
543 4259 603 4309 100.
