3126 5400
342 727 415 790 illud
444 729 591 814 quidem,
623 732 708 816 quod
737 733 927 810 „historiam
957 732 1188 814 Bynnntiuanr“
1209 738 1236 808 ¹)
1272 727 1478 808 inscripsit,

343 841 475 920 p'urimo
497 845 638 906 continet
659 849 850 916 stemmata,
878 860 960 922 quae
981 850 1014 901 et
1037 841 1223 902 familiarum
1247 839 1473 902 Constanti-

345 947 449 1026 nopoli
471 946 695 1013 dominantium
708 944 906 1010 Graecorum
922 947 1114 1028 aliarumque
1135 963 1207 1018 cum
1224 945 1264 1010 iis
1280 945 1472 1008 affinitatis

341 1041 467 1116 viuculo
496 1060 733 1118 coniuncturum
763 1073 817 1116 res
845 1054 963 1135 optimc
990 1063 1169 1134 exponunt,
1200 1065 1233 1116 ct
1264 1057 1465 1119 turcarum

345 1159 536 1240 lllyriaequc
559 1161 710 1223 historiae
732 1160 1001 1224 lantumlumiuis
1023 1159 1169 1239 afferunt,
1196 1145 1469 1222 6166661746

344 1283 452 1367 comes
468 1265 623 1350 losephus
636 1267 819 1355 Kegleyich
843 1285 861 1328 o
880 1267 992 1328 Buzim
1007 1269 1036 1337 i)
1060 1285 1129 1326 earu
1153 1275 1285 1347 partem,
1307 1286 1393 1350 quae
1409 1267 1463 1328 de

341 1373 445 1456 lllyria
459 1382 581 1452 exstat,
601 1373 706 1437 denuo
716 1373 955 1456 imprimendam
973 1382 1004 1434 et
1017 1373 1261 1444 continuandam
1272 1375 1461 1436 curaverit.

255 1484 260 1494 ’
344 1481 419 1556 066
441 1482 470 1542 in
495 1501 592 1561 opere
615 1483 801 1565 Ducaugius
824 1501 876 1544 res
900 1483 1094 1544 Francorum
1115 1482 1246 1562 saepius
1270 1483 1391 1564 utigir,
1422 1493 1463 1544 et

344 1608 468 1652 summa
485 1606 556 1652 curu
568 1599 636 1653 urle
648 1592 756 1654 critica
778 1592 893 1654 tabulis
914 1591 1133 1672 genealogicis
1146 1609 1165 1653 u
1181 1590 1346 1654 Comneuo
1360 1611 1460 1672 qun-

342 1697 454 1771 dam³)
469 1698 655 1778 compositis
667 1731 706 1744 —-
718 1717 800 1780 quas
812 1693 917 1762 tamen
940 1700 1100 1762 erroribus
1122 1710 1153 1760 et
1177 1699 1294 1762 iahulis
1314 1713 1459 1765 anatona

345 1804 547 1872 manifestum
562 1814 660 1868 est-
675 1824 752 1868 usus
769 1817 829 1876 est,
854 1827 950 1888 quum
964 1807 1039 1868 licta
1060 1805 1218 1868 refelleret
1230 1827 1334 1887 usque
1346 1810 1454 1889 quic-

343 1929 450 1993 quam,
473 1912 626 1996 nisiquod
643 1915 880 1996 comprohatum
895 1924 973 1990 erat,
994 1933 1036 1977 ex
1058 1914 1148 1978 iis·in
1169 1932 1259 1976 suam
1277 1915 1452 1978 historiam

345 2022 511 2101 reciperet.
534 2023 646 2106 ltaque
656 2023 797 2106 'gentium
813 2032 844 2084 et
855 2023 1050 2085 hascuriuae
1062 2031 1094 2084 el
1107 2021 1292 2084 Comneuee
1315 2041 1453 2104 gonea-

345 2129 448 2209 logias
464 2131 582 2209 optime
597 2141 629 2193 et
644 2115 884 2192 accuratissime
906 2129 1055 2209 exposuit
1075 2137 1108 2190 et
1130 2147 1232 2210 nugas
1255 2131 1336 2208 illas,
1361 2149 1453 2212 quas
1547 2147 1548 2150 ’

345 2235 621 2315 luliusPuteus⁴)
644 2235 684 2298 de
701 2237 890 2300 irascarium
913 2244 946 2298 et
969 2235 1159 2298 Laurentius
1176 2237 1336 2298 illiniatius
1353 2239 1381 2307 ⁵)
1405 2237 1454 2299 do

344 2345 579 2406 Gomuenorum
603 2341 773 2423 splendore
796 2342 938 2422 proferre
959 2342 1030 2404 ausi
1050 2350 1141 2420 suut,
1164 2344 1260 2422 plane
1282 2343 1450 2406 refutavit.
1548 2341 1549 2352 ’

346 2449 461 2512 Mirum
485 2455 592 2526 certe,
621 2446 819 2507 Demetrium
842 2447 999 2526 quondam
1024 2445 1262 2521 Comueuum⁰J
1284 2459 1359 2510 ante
1380 2449 1447 2512 hos

344 2555 549 2637 septuaginta
571 2572 683 2633 anrros,
705 2553 835 2616 easdem
860 2553 928 2616 fere
949 2553 1073 2614 lahulas
1096 2555 1292 2636 protulisse,
1315 2557 1384 2636 qui,
1409 2569 1449 2619 ut

343 2647 456 2744 gentis
472 2680 551 2722 suae
573 2659 773 2739 splendorem
796 2668 944 2739 augeret,
969 2661 1135 2743 Ducaugio
1156 2661 1324 2726 fidemnon
1337 2663 1451 2750 hahuit

347 2780 379 2830 et
402 2768 539 2832 hliuiatii
564 2783 664 2847 noges
686 2766 818 2846 occepit.

429 2897 529 2968 Multo
558 2903 666 2958 nutem
694 2893 823 2958 maioris
853 2891 1002 2961 momenti
1032 2889 1071 2953 ad
1102 2869 1266 2955 historiam
1299 2896 1447 2958 1116666-

364 3186 535 3268 uitiatoris
561 3211 717 3274 Byzantina
744 3212 843 3276 duplici
870 3213 1063 3264 commentario
1091 3214 1227 3266 illustrata
1244 3221 1294 3265 etc.
1329 3215 1444 3267 Paridis.

414 3305 497 3358 1680.
516 3305 564 3354 iol.

364 3407 396 3470 2)
415 3409 555 3470 illyricum
575 3414 658 3460 vetus
676 3415 702 3460 rt
719 3422 829 3481 nepum.
864 3407 980 3460 Posouii.
999 3408 1080 3459 1716.
1101 3407 1149 3458 tol.

361 3513 392 3568 6)
412 3508 486 3574 Quae
504 3511 693 3574 genealogiae,
712 3523 729 3560 a
745 3512 766 3562 1.
785 3513 869 3591 Andr.
881 3511 988 3574 Augelo
1000 3509 1098 3560 lilavio
1109 3507 1246 3560 Gomneno
1266 3507 1444 3570 conscriptae,

412 3602 533 3652 Venetlls
552 3615 577 3652 a.
596 3600 679 3654 tout.
697 3602 747 3656 iol.
766 3603 792 3651 in
811 3601 897 3651 lucem
914 3603 1079 3662 prodierunt.

363 3705 396 3763 t)
414 3705 565 3768 imperialis
582 3691 672 3772 gentis
690 3705 816 3758 macaris
840 3706 1003 3771 genealogia
1029 3695 1062 3771 (a
1081 3703 1149 3756 lulio
1165 3705 1248 3756 Puteo
1267 3703 1447 3768 conscripta).

415 3795 550 3849 Veronae.
570 3795 717 3846 1666161.

363 3899 394 3955 6)
414 3897 477 3974 hor.
496 3897 599 3946 llllninti
617 3899 710 3950 Gloria
733 3902 831 3952 cadule
849 3901 911 3950 delI’
930 3899 1113 3951 antichissima
1139 3896 1170 3948 ed
1187 3895 1381 3962 augustissima
1405 3896 1446 3946 ia-

413 3989 507 4049 mlglia
525 3986 670 4041 Gomneua.
706 3990 837 4043 venezia.
857 3989 1004 4044 1666161.

365 4091 395 4156 6)
415 4091 532 4141 Demetr.
551 4085 690 4140 comnene
713 4085 805 4142 Prdcis
829 4090 974 4154 historique
997 4089 1031 4140 de
1056 4090 1085 4140 la
1109 4089 1212 4140 maisou
1236 4082 1380 4152 inperiale
1403 4087 1444 4135 des

414 4181 577 4240 Comnhues,
616 4183 792 4236 Amsterdam.
812 4183 893 4236 last.
912 4185 939 4234 8.
975 4185 1011 4239 61.
1030 4182 1220 4234 intrueret).
1241 4173 1379 4252 comneno
1397 4179 1443 4227 etc.

416 4276 496 4336 tant.
513 4281 541 4330 8.
