3126 5400
438 653 444 664 '
546 653 752 716 -2l-

93 838 217 900 Salonii
228 845 320 898 natus
335 845 385 899 est
399 855 428 900 a.
439 833 467 898 d.
478 835 631 898 xtaltot.
645 840 711 906 lun.
723 856 804 901 auuo
818 835 908 914 tutat,
923 847 955 898 et
969 833 1066 912 variis
1078 849 1196 899 tunae-2

95 943 183 1004 ribus
206 943 342 1024 publicis
364 943 507 1024 functus,
529 955 603 1004 ante
614 943 672 1006 h'os
689 921 861 1006 sexannos
873 953 916 1015 (a.
927 943 954 1004 d.
966 945 1021 1007 ΙΙΙ.
1033 943 1103 1010 Kal.
1116 944 1193 1006 hlei.

91 1052 189 1124 1846)
201 1063 403 1133 praematura
416 1065 515 1116 morte
531 1055 621 1116 nobis
636 1063 833 1134 ereptosest.
848 1051 958 1119 lllultis
970 1051 1133 1132 opusculis
1141 1049 1193 1110 hi«

92 1161 222 1222 storicis
241 1162 410 1222 maximam
427 1161 554 1236 laudem
577 1173 627 1224 est
649 1172 829 1238 assecutus,
852 1179 935 1241 quae
959 1157 1192 1252 tameuomnia
1262 1209 1267 1213 .

93 1291 282 1354 enumerare
296 1257 425 1350 longum
436 1282 502 1349 est,
515 1273 621 1354 itaque
636 1273 760 1332 norrnisi
771 1271 893 1332 illorum
906 1269 1056 1330 rationem
1068 1267 1191 1332 habebo

94 1377 256 1458 librorum,
281 1378 396 1458 quibus
417 1375 574 1440 Graeciae
596 1377 690 1438 rebus
712 1367 814 1438 lumen
831 1375 943 1438 attulit.
967 1375 1072 1452 Quum
1095 1373 1190 1452 euim,

91 1487 223 1565 triginta
246 1493 312 1546 tres
338 1503 439 1546 annos
457 1494 566 1564 natue,
588 1483 821 1560 constituisset,
842 1500 1048 1563 quaecunque
1060 1499 1113 1543 res
1127 1499 1195 1563 ge·¹

90 1601 164 1652 stae
185 1595 317 1674 gloriam
343 1595 448 1676 gentis
471 1592 753 1674 urenoogattorum,
772 1589 867 1670 apud
897 1600 1048 1663 externos
1072 1607 1193 1670 propa-

91 1710 209 1778 garunt
235 1702 388 1781 populos,
408 1681 596 1782 'dispuirere
626 1717 797 1780 earumque
831 1697 1012 1774 historiam,
1049 1697 1194 1762 collectis
1431 1693 1444 1700 “

93 1805 234 1890 undique
257 1809 466 1878 monumentis
490 1809 721 1890 superstitibus,
747 1825 962 1888 componere,
983 1804 1023 1866 ad
1045 1812 1189 1887 quartam

92 1915 326 1996 expeditionem
344 1933 474 1976 ,sacram
498 1917 634 1978 animum
657 1915 804 1978 advertit.
829 1919 937 1996 Atque
960 1917 1093 1995 primum
1115 1919 1193 1996 qui·

93 2021 166 2082 dem
191 2023 355 2104 ,Ducangii
383 2041 464 2104 opus
497 2023 569 2084 illud
600 2023 702 2084 denuo
732 2023 969 2105 imprimendum
998 2024 1123 2085 curavit
1150 2021 1213 2085 nd¹

90 2127 187 2190 fidem
209 2107 280 2190 msi.
304 2139 380 2190 tunc
397 2129 524 2206 inediti,
549 2135 639 2196 cuius
663 2132 813 2213 vestigiis
836 2133 1054 2208 insisteretur
1079 2147 1196 2200 emera-r

91 2236 197 2298 darida
225 2237 359 2298 historia
381 2237 732 2323 Franco-Byzantina.
778 2236 900 2300 Deinde
920 2255 998 2298 vero
1021 2237 1099 2298 iuvit
1117 2254 1192 2308 ‚eum

92 2343 243 2422 maxime,
268 2342 352 2426 quod
376 2341 555 2408 Chronicou
579 2343 713 2410 Maroae
734 2343 819 2418 illud,
840 2345 900 2404 iam
915 2343 1049 2406 Boiviuo
1071 2349 1194 2421 uatum,

89 2449 122 2509 in
145 2448 254 2512 codice
283 2448 420 2528 quodam
446 2449 661 2514 Bibliothecae
682 2448 807 2530 Regiae
834 2451 969 2530 reperitt
1000 2449 1085 2530 quod
1112 2443 1192 2531 gra-

91 2555 259 2620 vissimum
272 2553 581 2618 Franco-Graeciae
605 2567 840 2627 monumentum
865 2556 964 2618 tribus
987 2556 1192 2636 editionibus,

93 2667 140 2724 uti
169 2665 256 2728 iulia.
280 2661 401 2740 dicam,
439 2661 534 2724 valde
567 2663 754 2724 illustratum
788 2663 981 2726 emendavit.
1036 2664 1191 2745 Princeps

92 2773 162 2835 eius
177 2770 270 2832 editio
281 2774 308 2840 ¹)
332 2789 478 2846 unacum
496 2772 661 2851 Ducaogio
680 2770 709 2832 in
725 2770 963 2832 „eollooriooea
988 2771 1038 2834 illa
1062 2770 1189 2842 »Chro-
1224 2777 1227 2780 ’

91 2881 232 2958 uicorum
249 2879 580 2958 Franoogallicorumc
604 2877 688 2938 edita
710 2885 773 2958 est,
795 2893 876 2958 quae
898 2879 1024 2942 xhvll
1047 2873 1190 2942 uolumi-

91 2987 184 3048 nibus
205 2987 349 3048 absoluta
371 2995 496 3070 praeter
518 2975 600 3048 alios
619 2985 792 3066 scriptores
814 2996 846 3046 et
872 2985 1141 3051 Villeharduinum
1157 2995 1192 3073 et

91 3093 309 3154 Froissartum
340 3093 567 3174 complectitur.
626 3093 750 3166 Secuta
782 3102 848 3164 est.
867 3092 963 3154 editio
996 3077 1190 3175 princepsa)

92 3219 227 3284 mappae
249 3201 415 3266 cuiusdam
439 3178 697 3284 geographicae,
729 3221 810 3264 anno
837 3202 917 3266 tatu
939 3205 1136 3284 compositae
1158 3213 1193 3266 et

92 3309 287 3372 Catelanicis
314 3299 396 3392 uotis
423 3311 621 3390 explicatae,
652 3329 749 3391 quam
777 3329 849 3372 cum
879 3312 1001 3374 'l'astuo
1030 3311 1061 3372 iu
1094 3331 1191 3390 opere

90 3419 141 3480 illo
163 3415 354 3498 praestanti:
376 3416 532 3482 „Notices
556 3425 587 3476 et
608 3418 741 3480 extraits
758 3427 839 3478 eto«
863 3397 968 3494 edidit,
990 3419 1209 3489 multifariam(
1278 3475 1281 3478 .

91 3541 193 3603 neque
216 3531 322 3584 tamen
343 3521 490 3582 absolute
512 3522 704 3602 explicitam.
745 3522 844 3603 Dein,
862 3521 1024 3604 ¹quidquid
1047 3501 1076 3586 in
1099 3530 1188 3593 nocie

89 3631 266 3718 *dentalibus
288 3629 381 3692 medii
404 3631 477 3692 aevi
499 3629 707 3710 scriptoribus
737 3629 1113 3695 dedimam-Graeciae.
1132 3653 1187 3694 re·

88 3739 148 3800 bus
170 3739 337 3802 memoriae
361 3747 428 3808 erat
449 3736 617 3821 proditum,
640 3737 772 3825 collegit
788 3747 821 3800 ct
837 3739 962 3802 duobus
975 3741 1188 3810 voluminibus

96 3907 337 3921 m

108 4059 137 4123 l)
155 4057 287 4124 Ducange
298 4059 408 4110 histoire
418 4059 449 4109 de
460 4062 578 4125 l’empire
589 4061 867 4124 coconstootmople.
885 4061 970 4112 Paris.
983 4061 1064 4134 1896Ξ
1083 4063 1183 4112 atton.

158 4149 184 4196 Β.
202 4145 357 4209 chronique
375 4147 405 4199 de
423 4148 449 4198 ltt
465 4145 568 4198 Maride.
591 4151 672 4204 1828.
686 4153 713 4200 8.
808 4197 811 4202 Α

106 4237 137 4302 2)
156 4238 252 4286 Notice
271 4241 330 4288 d'na
350 4239 422 4288 atlas
439 4251 473 4288 en
491 4239 744 4304 ingenuitatem,
763 4253 810 4289 ms.
830 4242 862 4288 de
880 4240 935 4302 l’ao
952 4241 1040 4302 luti,
1052 4239 1186 4309 pooservri

157 4337 207 4381 etc.
226 4343 277 4392 par
294 4343 357 4380 mss.
375 4331 485 4380 Buehoo
509 4337 538 4380 et
556 4333 648 4382 'l'astu
682 4331 768 4399 Paris.
789 4331 872 4382 1887.
893 4332 921 4385 4.
945 4333 987 4387 ed.
1004 4333 1039 4386 ll.
1060 4335 1102 4387 iu:
1126 4333 1186 4387 Nc·

154 4425 219 4474 tices
239 4428 267 4474 et
283 4422 399 4474 extruite
416 4432 471 4478 etc.
487 4426 518 4474 Τ.
537 4425 610 4492 xlv.
628 4426 656 4474 P·
675 4425 708 4476 ll.
727 4439 750 4489 p.
773 4425 886 4502 l-ldu.
906 4429 991 4479 Paris.
1006 4426 1091 4496 leil.
1105 4428 1138 4486 ,4.
1163 4453 1178 4498 ,ι
