3126 5400
804 593 993 656 -ξ-

340 769 487 832 'Houorio
511 791 591 852 pepe
614 775 705 835 tertio
728 775 849 856 loquar,
873 776 902 836 in
926 773 1068 838 Graecia
1090 776 1307 839 condiderunt.
1329 777 1460 860 Neque

347 896 424 939 vero
447 877 499 939 din
520 889 687 960 superstes
710 881 768 943 fuit
789 882 949 962 imperium
973 883 1048 945 illud
1071 885 1456 966 lt'rauco-Byzautiuum,

343 985 402 1056 sed
429 995 500 1066 post
527 989 753 1069 quinquaginta
774 995 898 1068 septem
922 1007 1024 1050 arruns
1046 991 1183 1066 interiit,
1213 1012 1309 1076 quum
1326 991 1456 1055 Graeci

332 1096 505 1176 principes
539 1115 650 1158 rursus
681 1098 757 1158 urbe
791 1099 880 1177 potiti
913 1107 1022 1160 essent
1057 1099 1268 1170 Constantini.
1318 1101 1455 1164 Diutius

343 1201 540 1264 Francorum
563 1209 716 1284 potestati
738 1205 886 1268 subditae
902 1209 1071 1270 manebant
1085 1211 1158 1272 illae
1179 1211 1340 1294 regiones,
1363 1227 1455 1291 quae

352 1311 479 1391 proprie
509 1311 694 1374 dicebantur
723 1311 884 1396 Graecia,
915 1335 1061 1402 quaeque
1087 1319 1255 1381 maximam
1282 1326 1402 1398 partem
1426 1335 1452 1378 a

345 1420 457 1482 'furcis
480 1419 604 1482 domum
630 1430 702 1500 post
728 1423 835 1484 urbem
858 1404 1240 1506 uapum'domitaeannt,
1263 1443 1358 1508 quom
1374 1425 1451 1486 siu-

342 1527 430 1607 guli*
453 1526 632 1608 dynastae,
663 1529 885 1592 discordantes
916 1533 996 1594 iuter
1025 1547 1081 1611 se,
1113 1527 1259 1606 hostibus
1283 1531 1449 1593 introitum

342 1631 503 1697 Graeciae
525 1637 733 1716 aperuissent.
777 1637 898 1700 Omnes
919 1650 1025 1701 antem
1046 1641 1263 1721 principatus,
1288 1645 1447 1722 quotquot

344 1751 418 1822 post
436 1743 602 1823 imperinm
625 1763 644 1830 a
667 1725 806 1806 Graecis
827 1745 1031 1808 nathinneos
1053 1747 1260 1828 translatum,
1279 1751 1313 1808 in
1335 1746 1446 1806 Euro*

341 1868 425 1934 paea
441 1853 611 1932 Byzantini
635 1847 755 1932 imperii
770 1861 862 1932 parto
883 1856 1070 1932 extiterunt,
1092 1853 1446 1935 reipublicaeVeootoe

338 1958 485 2038 spiritum
508 1957 684 2018 debuerunt
711 1959 858 2040 vitalem,
895 1969 927 2019 et
958 1960 1107 2038 quumvis
1136 1973 1197 2020 noo
1229 1959 1369 2020 universi
1398 1958 1445 2020 illi

340 2065 477 2132 Venetis
514 2051 628 2131 inerint
662 2069 782 2130 subditi
817 2070 869 2130 vel
900 2065 1073 2148 tributarii,
1113 2078 1219 2130 temen
1240 2070 1447 2131 iistantum-

233 2186 238 2191 ’
338 2175 434 2236 modo
447 2177 511 2236 nixi
530 2187 641 2236 cotnra
655 2173 801 2237 Graecos
823 2183 854 2236 et
877 2171 1003 2236 Turcas
1025 2190 1064 2236 so
1083 2176 1243 2236 sustineto
1262 2175 1443 2236 valuerunt.

259 2356 266 2364 ι
337 2283 424 2344 iuter
453 2279 603 2344 civitates
631 2271 790 2344 Graeciae
820 2289 946 2359 autem,
981 2282 1065 2372 qrrqe
1093 2282 1229 2363 propriis
1254 2282 1315 2342 isto
1344 2278 1440 2341 medii

338 2393 412 2480 aevi
435 2393 568 2453 saeculo
590 2391 783 2472 principibus
804 2391 977 2472 parebant,
1011 2391 1148 2451 menime
1170 2390 1299 2470 antiquo
1327 2387 1440 2468 splen-

338 2501 416 2563 dore
440 2502 617 2565 micuerunt
641 2499 804 2580 Athenae,
838 2509 870 2562 et
893 2511 987 2582 quum
1018 2501 1121 2563 donno
1144 2501 1377 2577 eiilotuissent,
1406 2503 1442 2558 et

337 2619 455 2688 quum,
485 2614 532 2666 tot
561 2613 711 2686 tantoque
741 2605 808 2669 iata
838 2621 1030 2686 perpessae,
1063 2621 1220 2688 uunquam
1250 2623 1269 2668 a
1300 2604 1441 2670 Graecis

337 2709 474 2776 dominis
498 2713 694 2776 &nouorum
725 2703 875 2794 potestati
907 2723 1037 2795 ereptae
1060 2714 1182 2776 luerint.
1227 2709 1330 2776 Cuius
1351 2713 1440 2774 urbis

313 2799 442 2883 suturis
468 2821 571 2899 qualis
601 2829 674 2900 post
702 2829 845 2900 quartam
875 2821 1110 2902 expeditionem
1138 2827 1266 2883 sacrum
1289 2819 1328 2882 ad
1351 2821 1438 2880 Tur·-

336 2942 443 2995 cttrum
467 2927 709 2989 dominationem
733 2927 849 3008 inerit,
878 2927 931 2988 din
959 2927 1021 2988 iam
1052 2927 1126 3000 mihi
1149 2929 1346 3008 propositum
1369 2935 1436 2988 erat

336 3051 522 3114 exponere,
554 3041 619 3096 tam
642 3035 684 3095 ob
711 3035 849 3115 priscum
880 3055 993 3096 nomeu
1017 3043 1049 3096 ot
1070 3035 1203 3116 gloriam
1227 3035 1433 3114 Athenarum,

336 3161 429 3226 quam
458 3143 511 3204 olr
527 3143 693 3218 tenebras,
727 3143 841 3223 quihus
870 3142 1001 3204 historia
1024 3142 1105 3203 illins
1139 3139 1311 3222 temporis,
1344 3145 1435 3224 quasi

336 3260 460 3342 poetico
483 3257 618 3339 quodem
642 3257 757 3338 nimbo,
780 3255 889 3318 induta
910 3267 974 3320 cst.
1014 3257 1132 3339 Neque
1153 3267 1261 3319 tameo
1281 3257 1341 3319 hac
1363 3255 1432 3318 dis·-

335 3367 509 3451 certatione
531 3365 693 3426 historiam
716 3363 854 3426 ducatus
870 3365 1074 3428 Atheniensis
1095 3367 1178 3428 illius
1201 3373 1233 3430 et
1253 3367 1348 3427 trium
1373 3361 1434 3447 dy-

335 3481 509 3542 nastiarum
533 3477 573 3540 ibi
598 3476 823 3540 dominantium
846 3481 1014 3560 complecti
1036 3481 1122 3556 volo,
1145 3481 1206 3542 scd
1222 3480 1261 3540 de
1278 3481 1347 3540 eius
1363 3479 1435 3541 lou·

334 3575 421 3648 tibus
444 3583 516 3647 mihi
541 3589 606 3674 erit
622 3579 856 3666 disputandum,
880 3587 1025 3667 praefato
1049 3601 1210 3668 perpauca
1235 3585 1275 3647 de
1297 3581 1382 3646 urbis
1402 3589 1433 3646 et

333 3694 504 3775 splendore
526 3705 558 3756 et
580 3692 681 3757 ruine.
1100 3756 1103 3760 .

418 3803 613 3863 Athenarum
640 3817 754 3864 nomen
776 3811 839 3864 tem
865 3804 985 3866 clarum
1007 3803 1069 3866 luit
1091 3811 1158 3867 tote
1180 3800 1377 3884 antiquitate,
1399 3805 1431 3862 ut

224 3913 226 3916 '
335 3921 398 3969 ttoe
420 3910 495 3970 urhs
518 3909 617 3972 instar
639 3913 810 3972 universae
833 3909 993 3974 Graeciae
1019 3913 1204 3984 lrahoretur3
1234 3923 1318 3991 quae
1338 3921 1429 3990 quum

334 4023 367 4076 et
389 4017 501 4077 artium
527 4023 558 4077 et
580 4014 751 4079 litterarum
774 4015 885 4080 studiis
907 4000 984 4080 una
1003 4019 1139 4080 omnium
1162 4011 1360 4080 Graecarum
1384 4007 1429 4076 cl·

333 4125 641 4202 vitatiummuxime
666 4127 810 4208 lloreret,
845 4145 955 4189 omues
978 4133 1010 4187 et
1032 4135 1147 4206 poetae
1170 4134 1201 4186 et
1223 4135 1325 4184 rerum
1347 4121 1428 4200 scri-

333 4232 622 4324 ptores‘landihus
647 4253 735 4312 earn,
768 4243 930 4314 tamquam
959 4235 1132 4294 universae
1163 4221 1309 4290 Helladis
1335 4246 1428 4294 ornu-

216 4387 217 4390 ,
335 4348 497 4420 mentum,
529 4340 642 4405 efferre
665 4342 838 4404 certabant.
882 4341 1004 4404 Eadem
1034 4341 1133 4421 urbs,
1164 4357 1246 4420 qnae
1268 4356 1286 4400 a
1312 4317 1428 4398 Pinda-
