3126 5400
314 701 398 774 sive,
419 705 456 760 ut
473 685 937 786 transmontanorum,
957 718 1018 760 roo
1029 697 1157 780 joyeox
1168 671 1321 764 troavdre
1335 717 1437 781 por-

250 807 254 816 '
312 813 385 870 tent
404 807 437 870 la
457 821 538 888 sape
559 814 591 870 st
611 803 744 886 i'dpdo.“
763 805 793 884 Ι)
816 805 879 882 Qui
893 805 953 868 etsi
973 803 1015 866 ds
1035 805 1329 887 Constantinopolis
1353 810 1432 869 im·

316 915 406 993 perio
441 929 542 994 agere
575 913 635 976 sibi
675 933 738 976 non
779 915 943 996 proposuit
988 935 1092 998 neque
1140 916 1432 982 vnteorrournum

298 1019 501 1083 'oootinnsro
531 1019 643 1098 votuit,
677 1023 795 1099 tarsen,
829 1028 925 1098 anm
953 1019 988 1082 io
1008 1018 1164 1085 ohrsntoo
1185 1021 1256 1081 eins
1288 1021 1431 1102 poetion

314 1143 427 1208 regom
452 1124 764 1206 Frarroogatiiosrttm
793 1125 948 1204 permulta
969 1124 1010 1188 ad
1046 1143 1101 1189 rss
1126 1126 1247 1206 imperii
1268 1127 1430 1190 Franco-

315 1233 486 1314 Byoantini
504 1234 692 1313 pertinentia
713 1233 920 1312 reperiantur,
939 1233 1150 1313 aDuoangio
1184 1243 1218 1296 ot
1238 1234 1428 1311 nmirum,

316 1353 476 1426 tamqnam
507 1342 735 1408 Viltehardaioi
763 1343 1029 1424 supptementum,
1063 1336 1174 1408 edssns'
1198 1353 1260 1406 est.
1310 1341 1427 1420 Quum

317 1469 395 1512 roro
415 1449 459 1514 itti
481 1451 534 1528 nii,
557 1453 716 1532 nistqoae
736 1448 779 1512 de
792 1447 1134 1528 constantinopolitani
1145 1453 1269 1530 imperit
1277 1450 1423 1514 morta

307 1561 488 1622 ¹memorise
510 1556 655 1638 prodidit,
676 1558 887 1636 recepissent,
905 1555 1086 1640 universnm
1101 1576 1183 1638 opus
1197 1558 1226 1618 in
1244 1559 1428 1622 bibliotho-

316 1667 363 1732 ois
375 1683 486 1730 msnm.
498 1667 598 1740 tatuit,
619 1665 722 1728 doneo
744 1669 837 1728 annis
862 1663 1034 1745 1836-38,
1058 1677 1188 1732 noranta
1208 1654 1426 1734 nomenm-

314 1775 372 1858 gio
399 1781 508 1855 (quem
537 1781 612 1839 nota
639 1773 697 1835 hos
725 1783 792 1834 tres
817 1791 920 1837 nonos
950 1773 1040 1836 nobis
1072 1784 1214 1855 ereptam
1242 1775 1424 1853 domnas),

313 1884 416 1964 prima
439 1892 472 1946 et
493 1881 617 1959 integra
638 1882 709 1942 eins
729 1879 828 1944 editio
846 1881 879 1944 in
900 1881 1001 1946 tuoem
1024 1868 1143 1947 emissa
1166 1892 1230 1956 eat,
1267 1883 1329 1962 Qui
1352 1888 1423 1948 atsi

316 1992 433 2065 summi
456 1985 679 2062 momentiest,
695 1987 810 2068 qnippe
831 1990 886 2069 qni
906 1988 1050 2068 aequatis
1069 1987 1145 2052 imio
1166 1991 1299 2071 tempori
1319 1991 1424 2054 vixe-

317 2095 378 2174 rit;
399 2108 506 2158 tamon
526 2110 623 2174 quum
647 2090 687 2152 de
709 2093 845 2154 Athenis
867 2101 985 2172 tacent,
1007 2091 1046 2154 de
1067 2093 1137 2156 eius
1149 2094 1277 2176 ingenio
1300 2093 1423 2163 attide

320 2202 382 2268 hoo
392 2204 462 2264 iooo
475 2201 636 2280 disputare
648 2217 922 2279 supervacaneum
937 2199 1062 2262 videtur
1075 2219 1162 2274 esso.
1184 2202 1289 2266 Multo
1310 2211 1420 2268 tomen

304 2315 390 2397 ,pius
410 2315 594 2378 attentionis
617 2313 814 2382 tribuendum
839 2313 966 2388 videtur
988 2316 1182 2380 Hadrian.
1198 2317 1420 2382 Valentia-

317 2431 432 2494 neosi
453 2429 582 2508 (Harrry
603 2425 643 2488 do
666 2427 928 2497 Vatenoienoes).
962 2426 1044 2504 Quis
1066 2429 1414 2511 recommemorata,

317 2557 379 2600 oon
394 2539 509 2618 tiquam
531 2535 592 2598 atsi
609 2555 681 2600 oum
698 2537 758 2598 iam
778 2537 907 2603 sanotrto
920 2538 1035 2600 Xth⁰
1048 2547 1156 2602 notum
1172 2538 1417 2620 fuissesoimnsr

322 2646 448 2708 Etenim
472 2647 587 2708 Petrus
610 2643 836 2706 Uttremanous
859 2643 910 2706 itte
932 2663 1025 2726 quem
1053 2663 1245 2728 anonymum
1277 2648 1417 2728 soripto·

254 2760 257 2770 ’
321 2771 388 2818 rem
422 2751 452 2814 io
478 2751 608 2812 Henrioi
635 2751 833 2829 imperatoris
868 2751 964 2814 robus
994 2753 1180 2816 enarrandis
1207 2753 1360 2829 adhibuit,
1374 2757 1418 2820 vis

301 2870 429 2928 ⁸noster
459 2869 511 2924 est
541 2859 699 2922 Heorions
723 2836 995 2941 valentianensis}
1024 2863 1115 2926 ouius
1143 2861 1284 2924 tortosae
1313 2863 1416 2929 sodex

321 2971 439 3050 aiiqnis
458 2967 499 3030 ad
513 2985 625 3030 manns
646 2967 674 3028 ei
689 2957 820 3044 aderat3
840 2967 870 3028 id
892 2968 975 3049 qnod
993 2969 1196 3033 manifestum
1212 2972 1283 3052 erit,
1305 2973 1334 3034 si
1356 2991 1416 3034 ex·

317 3083 425 3155 oerpta
448 3073 499 3137 itta
520 3073 777 3135 Uttremanniana
799 3091 868 3134 enm
893 3075 1024 3138 Homini
1046 3078 1143 3138 nostri
1165 3075 1242 3144 libro
1270 3081 1415 3142 oontuia·

324 3186 429 3246 rimus.
470 3183 692 3262 Snntvautem,
715 3181 765 3260 qni
780 3181 954 3243 Henrienm
978 3181 1065 3244 ilium
1088 3184 1307 3265 imperatorem
1324 3187 1413 3250 Con-

317 3271 538 3373 stantinopolis
558 3289 663 3352 inisse
687 3289 852 3369 perhibent
865 3305 875 3366 3
910 3291 939 3349 io
962 3307 1097 3370 quornm
1128 3312 1258 3355 numero
1281 3295 1413 3357 Dounon

317 3399 483 3467 doeendus
504 3407 564 3463 est.
607 3397 701 3473 Eum,
723 3394 875 3458 Caesaris
897 3415 994 3475 more,
1018 3417 1070 3460 res
1092 3417 1111 3460 a
1134 3417 1172 3460 ss
1193 3409 1307 3480 gestas
1327 3398 1413 3464 tma-

317 3487 362 3570 ris
385 3506 555 3568 mandasse
576 3506 689 3566 volunt
712 3513 754 3583 et,
777 3523 872 3584 quum
895 3507 1016 3586 aliquot
1037 3511 1107 3568 eius
1131 3517 1262 3572 exstent
1293 3510 1411 3590 episto·

317 3615 369 3679 ise
383 3613 496 3676 Latino
519 3631 574 3672 ore
590 3611 739 3690 scriptae,
752 3610 849 3671 hasce
862 3631 932 3672 enm
957 3613 1050 3692 quasi
1068 3607 1319 3696 supplementum
1343 3617 1409 3682 hoio

273 3799 276 3804 Δ
318 3721 473 3784 historiae
494 3739 574 3782 snae
596 3717 764 3781 adiecisse.
809 3718 875 3780 Sed
898 3717 1040 3782 dubitare
1062 3722 1136 3783 licet
1165 3725 1243 3806 iure,
1266 3696 1340 3795 dnm
1359 3745 1409 3790 ro·

199 3818 203 3825 ¹
318 3851 396 3894 vera
436 3829 595 3892 Henrions
633 3827 801 3907 imperator
838 3815 1108 3916 i'illeirardrrinom
1156 3833 1215 3898 sibi
1247 3835 1408 3914 aequatem

319 3937 563 4022 ¹osntimratrorit.
605 3935 651 3999 lbi
673 3935 767 4016 enim,
790 3953 852 4021 quo
876 3934 1132 4030 Villohardninus
1153 3935 1262 4019 desiit,
1283 3941 1406 4022 Hanni

318 4043 416 4112 nostri
439 4062 518 4124 opus
532 4043 628 4104 sumit
645 4043 777 4106 initium.
802 4041 901 4103 [itant
918 4041 949 4104 hi
969 4042 1031 4102 dno
1053 4053 1142 4106 arom
1161 4046 1319 4122 amicitiae
1340 4049 1407 4112 vit·

336 4221 402 4309 tid.
421 4257 439 4306 Ι.
459 4269 483 4318 p.
503 4255 530 4306 7.
