3126 5400
577 536 761 596 -5..

121 733 158 786 et
180 722 299 785 divitiis
324 723 511 803 luxuriaque
534 719 709 800 pollerent,
737 727 770 779 ot
791 717 982 801 magnificae
1004 718 1116 781 domus
1139 729 1224 783 tem·
1313 691 1315 696 ¹

121 831 242 914 piaque
268 837 523 902 exstruereotor,
554 826 755 907 maximaque
781 822 949 886 multitudo
978 835 1010 888 et
1039 826 1223 888 Latinorum

120 947 156 1001 et
187 936 386 999 Graecorum
417 932 577 996 homiuum
608 931 648 993 ibi
676 931 859 1010 conflueret.
919 930 1000 1008 Quis
1035 951 1127 1012 porro
1158 940 1224 994 tota

121 1044 265 1110 Graecia
286 1059 380 1105 arcas
403 1041 551 1102 nobilium
575 1039 770 1100 Francorum
784 1035 982 1130 ¹aedificatas
1004 1039 1119 1114 nescit,
1140 1057 1223 1120 qua-

120 1172 193 1215 rum
223 1151 338 1214 rudera
370 1157 480 1212 nostra
511 1149 604 1210 etiam
637 1156 746 1210 aetate
777 1148 887 1210 virlero
918 1150 992 1210 lieet
1016 1149 1223 1231 bodonitaao,

120 1260 304 1333 Passavae,
327 1255 502 1336 Celepbae‚
523 1245 719 1336 Carytenae,
742 1255 847 1334 Naxi,
871 1255 940 1316 aliis
962 1256 1064 1323 locis?
1109 1257 1223 1322 Omnia

122 1367 260 1447 denique
290 1363 405 1446 oppida
423 1347 617 1442 recentioris
640 1360 820 1442 Graeciae,
855 1381 937 1444 quae
961 1351 1139 1449 „Koloeno‘
1170 1367 1223 1427 vel

124 1457 431 1556 ,,Παλαιοκα’στρο“
452 1471 612 1558 dicuutur,
643 1471 735 1532 istius
766 1475 919 1552 temporis
947 1471 1065 1534 feudali
1089 1472 1225 1535 dominio

125 1583 282 1664 originem
310 1568 426 1642 debere
454 1587 588 1642 constat.
640 1578 805 1668 'Donatum
836 1579 1065 1642 Atheniensem
1091 1596 1174 1641 antro
1196 1599 1226 1662 p.

125 1689 203 1752 Chr.
227 1709 255 1750 n.
281 1688 360 1750 troo
381 1687 539 1748 interiisse
557 1687 699 1762 scimus3
728 1703 833 1766 neque
865 1703 944 1746 vero
965 1695 1028 1748 tam
1052 1687 1125 1749 leve
1149 1688 1225 1748 exi·

125 1813 290 1879 guumque
309 1811 423 1854 nornen
443 1795 515 1854 eius
538 1792 614 1872 luit,
639 1799 673 1851 ut
694 1791 777 1852 uallo
801 1793 940 1872 vestigio
963 1793 1073 1854 relicto
1095 1792 1227 1856 occide·

125 1910 185 1962 ret.
227 1899 335 1976 Quum
365 1899 448 1960 enim
476 1898 505 1957 io
532 1897 603 1958 eius
633 1895 942 1977 historianlnrimos
965 1897 1056 1960 locos
1078 1899 1223 1979 poeticae

125 2009 188 2070 orti
212 2004 410 2068 exercendae
430 2004 615 2084 aptissimos
636 2003 793 2082 invenias,
814 2004 918 2084 poetis
940 2004 1056 2066 tratlila
1078 2015 1139 2080 est,
1163 2007 1228 2070 ita-

126 2137 192 2199 que
221 2119 369 2177 loannem
392 2114 601 2190 boccaccium
616 2115 645 2188 ¹)
676 2108 802 2174 cuidam
832 2115 962 2202 fabulae
980 2133 1059 2178 suae
1077 2110 1229 2180 nonnulla

134 2245 178 2286 ex
209 2222 342 2285 historia
380 2220 517 2284 ducatus
554 2220 760 2282 Atheniensis
782 2222 981 2283 *innexuissa
1026 2223 1229 2288 manifestum

130 2341 197 2412 est,
227 2329 258 2392 id
288 2328 373 2412 quod
395 2334 426 2390 in
448 2328 663 2409 descriptione
692 2329 762 2390 eins
785 2328 932 2392 historica
948 2331 1017 2392 -alio
1040 2331 1112 2392 looo
1135 2349 1229 2394 oom-

129 2439 320 2520 probaturus
342 2454 443 2499 suat.·
468 2438 575 2516 Atque
604 2435 694 2498 duois
728 2455 844 2512 nomen
870 2447 983 2515 postea
1005 2437 1045 2498 ad
1068 2439 1228 2503 'liresenm

129 2546 314 2630 translatum
338 2561 423 2617 osse,
444 2542 532 2604 multi
553 2551 715 2622 poetarum
739 2542 798 2604 loci
823 2527 1050 2608 demonstrant.
1094 2546 1230 2612 brutius

129 2644 317 2726 Aligberins
348 2643 417 2722 ille,
447 2641 520 2708 dum
543 2642 705 2724 Virgilium
727 2660 822 2704 suum
845 2661 917 2708 cum
939 2646 1120 2712 Minotauro
1141 2646 1232 2735 ungit

81 2795 84 2804 ·
131 2753 325 2834 loquentem,
345 2751 389 2812 ita
411 2749 485 2812 dicit
498 2752 563 2824 ἣτ’

203 2841 206 2848 Δ
301 2867 377 2946 „bo
400 2863 578 2926 savio‘mio
600 2864 691 2927 iuver
711 2868 756 2928 lui
777 2866 888 2950 gridb:
911 2871 1013 2933 Forse

250 3001 257 3014 ¹
298 2975 375 3056 „Tu
397 2973 484 3036 credi
507 2975 548 3036 de
570 2971 625 3056 qui
646 2975 716 3036 sia'l
739 2975 831 3038 Dnca
852 2976 1023 3054 (luithere,

296 3083 394 3166 „Che
416 3079 456 3146 sit
479 3084 529 3144 uel
551 3084 667 3146 mondo
690 3083 720 3144 la
744 3097 845 3147 morte
867 3086 889 3147 ti
910 3084 1041 3168 porse.“

135 3205 235 3266 Porro
257 3200 361 3265 medio
383 3219 466 3264 aevo
484 3201 665 3263 Thebarum
697 3199 857 3262 dominnm
881 3201 1125 3286 Francogallica
1147 3225 1233 3271 voce

137 3312 252 3390 „sire“
277 3308 468 3389 appellatum
498 3326 592 3386 esse,
625 3317 658 3370 ct
687 3306 806 3370 Gracci
832 3319 864 3371 et
892 3311 1128 3392 Franoogallioi
1161 3318 1232 3376 eius

134 3417 286 3498 temporis
314 3417 487 3495 scriptores
517 3415 652 3494 docent3
683 3435 746 3497 quo
773 3421 967 3498 cognomine
993 3418 1079 3482 idom.
1097 3421 1233 3485 Daulias

135 3525 335 3589 Pisistratum
364 3530 473 3599 notat,
503 3541 598 3602 quum
622 3523 652 3584 in
674 3522 780 3585 fabula
801 3524 937 3606 quadam
959 3545 979 3588 e
1002 3527 1130 3590 Valerio
1153 3532 1230 3594 bla-

138 3634 221 3696 ximo
234 3636 264 3707 ³)
285 3640 389 3694 sumta
411 3631 570 3694 mulierem
594 3630 690 3692 iaciat
704 3631 944 3708 exclamantem
957 3635 1008 3710 ‘lt

154 3920 184 3986 t)
204 3919 350 3972 nocoacoio
368 3921 392 3970 ll
407 3918 601 3972 Decamerone.
620 3913 765 3998 Glornada.
785 3914 820 3966 ll.
840 3911 960 3966 Novella
979 3911 1040 3964 vll.
1059 3913 1233 3964 selthi).-

202 4014 275 4062 etla.
293 4013 348 4068 (ed.
366 4011 429 4062 Alrl.
447 4010 576 4060 Veneria,
598 4007 693 4070 lot-t.)
871 4023 876 4034 ·

153 4105 183 4170 2)
200 4107 289 4155 nante
306 4103 424 4152 lolerno.
443 4099 503 4150 xll.
528 4101 640 4150 tlt-le.

158 4202 187 4266 ³)
205 4199 299 4250 valer.
317 4198 387 4248 blax.
408 4197 440 4247 V.
460 4194 481 4245 1.
501 4201 557 4250 ext.
574 4195 603 4243 8.

157 4289 187 4352 t.)
205 4290 293 4339 Dante
310 4285 478 4351 Purgatorlo.
497 4286 554 4336 XV.
573 4286 688 4336 97-99.
