3110 5446
589 589 795 658 ..nn-

127 791 197 853 qua
219 774 289 836 ioco
315 774 344 836 io
366 772 498 840 historia
524 792 595 836 mea
619 776 756 838 ducatus
769 745 977 845 Atheniensis
999 797 1177 860 exponam3
1197 780 1240 844 ad
1340 789 1342 794 ’

131 882 337 962 caridemttne
355 863 652 944 commentationem
675 901 733 946 eos
749 883 952 964 detegamus,
976 891 1028 966 qni
1050 885 1242 953 deSatonae

130 999 167 1052 et
194 990 390 1052 Bndonitzae
413 989 547 1052 dominis
570 992 658 1070 ptura
681 1009 879 1070 cognoscere
901 993 1011 1056 volunt
1027 997 1064 1066 ¹).

227 1099 318 1158 Haec
340 1098 438 1178 igitur
458 1105 543 1176 sunt,
565 1116 647 1176 qrrae
670 1096 709 1156 de
731 1098 808 1160 iibro
822 1097 872 1158 itio
886 1096 1243 1179 conquisttisdisserara

136 1204 215 1266 mibi
238 1203 407 1283 proposui,
429 1201 547 1284 quibus
566 1204 737 1284 expositis,
768 1204 808 1268 ad
831 1202 979 1270 Graecas
1006 1204 1098 1270 buius
1126 1210 1241 1276 aetatis

134 1315 314 1392 scriptores
337 1313 474 1402 transire
494 1311 569 1374 mibi
592 1313 760 1376 liceat.x
901 1295 909 1311 ’
1020 1313 1023 1318 ’

576 1449 845 1488 xm

184 1591 186 1596 ’
259 1587 298 1667 b)
322 1585 483 1655 Graeci.

225 1702 408 1782 Disputanti
432 1703 506 1763 inibi
529 1702 568 1766 de
591 1701 727 1764 Graecis
750 1702 982 1792 buiusaetatis
1005 1700 1145 1764 tontibus
1175 1701 1237 1764 duo

136 1833 248 1878 eornm
272 1833 391 1900 genera
413 1797 721 1874 suntdiscernenda.¹
752 1815 836 1873 Sunt
859 1813 952 1890 enim,
976 1815 1039 1892 qui,
1064 1811 1239 1872 eruditione

132 1922 347 2002 doctrinaque
379 1921 530 2000 praediti,
560 1922 719 2000 antiquam
748 1921 829 1980 ittam
861 1917 1057 1981 Graecorum
1088 1919 1234 2004 ,linguam

132 2027 340 2108 priscumque
363 2027 435 2088 iliud
458 2025 578 2089 dicendi
602 2043 704 2106 gertus
727 2027 839 2086 imitati
862 2033 935 2084 sunt
958 2033 990 2084 et
1011 2025 1155 2086 Nicaeae
1177 2043 1235 2084 seu

138 2135 423 2219 Constantinopoli,
438 2136 658 2214 imperatorum
674 2134 870 2195 Graecorum
886 2133 1049 2214 auspiciis,
1060 2133 1239 2196 iibrossuns

82 2293 85 2298 .
137 2243 350 2322 scripserunt,
390 2261 470 2322 quos
499 2242 672 2321 scriptores
714 2241 871 2304 communi
899 2235 953 2300 iiio
985 2239 1234 2321 Byzantinorum

133 2354 262 2412 nomine
285 2351 453 2428 complecti
475 2349 635 2416 solemus;
658 2356 731 2408 sunt
753 2367 844 2434 porro
867 2349 931 2428 atii,
952 2348 1016 2428 qui,
1040 2335 1241 2438 Francorum

136 2458 302 2542 auspiciis,
325 2457 450 2536 vulgari
474 2443 529 2521 itta
549 2456 667 2538 lingua,
691 2475 752 2534 qua
774 2457 945 2536 populares
975 2474 1083 2533 eorum
1116 2463 1146 2518 et
1176 2475 1238 2515 no-

135 2566 193 2628 stri
227 2567 378 2644 temporis
403 2559 520 2630 Graeci
546 2570 682 2640 utuntur,
704 2578 755 2620 res
773 2559 950 2639 ,Fraricioas
970 2562 1082 2622 litteris
1104 2561 1238 2623 manda*

134 2683 215 2740 runt.
265 2673 315 2734 De
343 2667 642 2754 Byzarrtinis²)
672 2651 786 2748 igitur,
819 2674 987 2746 autequam
1021 2666 1061 2752 ad
1094 2669 1243 2752 singulos·

134 2779 309 2860 scriptores
341 2755 516 2858 tianseam,
538 2793 640 2856 pauca
663 2775 799 2854 praefari
823 2774 896 2836 mibi
919 2775 1021 2838 liceat.
1052 2775 1112 2853 Qui
1129 2779 1237 2860 quanti

135 2887 203 2958 sint,¹
229 2881 419 2946 aestimandi
453 2885 485 2942 io
520 2879 717 2958 exponendis
750 2880 847 2940 rebus
884 2880 1237 2968 Franco-Byzantinis,

136 2994 162 3054 si
184 2990 500 3076 interrogaverimus,
533 2993 619 3045 certo
647 2987 686 3045 iis
716 2993 807 3049 erunt
843 2985 1051 3064 posthabendi
1084 2989 1236 3071 tontibus,

137 3099 188 3178 qui
211 3113 230 3154 a
253 3093 389 3156 Francis
417 3089 623 3171 scriptoribus
653 3088 771 3148 ducunt
805 3089 965 3170 originem.
1010 3089 1126 3156 Graeci
1154 3097 1237 3160 enim

135 3202 189 3278 itti,
213 3201 341 3264 educati
363 3203 392 3260 in
405 3201 476 3260 auia
491 3201 714 3280 imperatorum
728 3195 940 3273 Graecorum,
955 3201 1145 3279 saepissime
1159 3221 1237 3280 per-

121 3304 239 3391 'pauca
262 3317 417 3371 noverant
439 3305 772 3386 deb'rancogaiiorant
788 3306 818 3364 in
844 3306 945 3386 patria
965 3309 1102 3385 ipsorum
1130 3308 1235 3370 domi·
1260 3333 1264 3336 ¹

136 3415 392 3510 nantiumstatu,
408 3431 500 3490 quum
524 3412 611 3490 ipsos
625 3411 830 3492 imperatores
852 3409 1020 3470 maximam
1037 3417 1157 3490 partem
1176 3431 1236 3496 pa..
1306 3460 1308 3466 s

136 3541 200 3582 rum
223 3537 355 3582 curasse
368 3518 706 3599 priucipatusistorum
722 3513 991 3576 atraereticorumu
1009 3526 1143 3582 constet,
1165 3517 1254 3580 iffi

29 3673 31 3678 a
137 3647 194 3710 que
217 3635 249 3687 et
272 3627 397 3689 nomina
422 3642 586 3708 vocesque
608 3621 885 3703 Francogaliicas,
911 3641 990 3704 quas
1013 3633 1067 3690 aut
1096 3645 1156 3686 non
1183 3628 1234 3688 iu·

142 3781 417 3798 ...η-α*-

155 3869 184 3938 1)
201 3872 397 3939 aeneatogtan
424 3880 512 3928 tamen
539 3875 662 3926 connitum
683 3873 802 3925 Satanae
821 3877 849 3922 et
867 3874 1047 3929 marchionum
1067 3874 1233 3934 Bodoaitaae
1301 3867 1307 3898 ¹

197 3961 293 4010 seriem
312 3963 503 4023 brevissimam,
521 3971 650 4027 quantum
674 3964 699 4010 id
722 3963 781 4012 fieri
808 3968 913 4028 potest,
940 3967 1008 4016 dabo
1027 3967 1053 4016 in
1072 3967 1233 4030 appendice

199 4053 276 4100 buius
295 4054 495 4102 dissertationis
512 4057 642 4104 secunda.
809 4051 813 4056 ’
865 4112 867 4116 ,

151 4142 183 4207 2)
200 4143 234 4192 ot.
253 4145 335 4200 biart.
355 4143 494 4198 flonetius
510 4146 541 4200 de
559 4130 777 4209 byzantinorum
796 4159 886 4199 rernm
905 4149 1083 4214 scriptoribus
1101 4151 1226 4206 Graecis.

198 4236 315 4302 btpsiae.
336 4235 477 4297 tutata
502 4250 555 4304 nuo
573 4250 655 4300 opere
680 4237 836 4292 accuratior
860 4243 888 4290 et
912 4237 1049 4300 copiosior
1065 4239 1247 4300 scriptorum

203 4331 310 4378 itteram
329 4328 497 4378 enumeratio
516 4335 541 4377 et
558 4329 709 4400 aestimatio
728 4328 870 4383 etiamnum
889 4327 1065 4384 desideratur.
