3126 5400
148 1117 347 1200 Postquam
383 1121 443 1182 iam
477 1131 551 1182 aute
582 1121 642 1184 hos
675 1124 814 1203 quinque
851 1141 950 1184 anuos
973 1103 1060 1185 'uiui
1088 1122 1247 1204 proposui,

150 1255 258 1334 quatis
281 1253 384 1316 medio
407 1274 489 1317 aevo
513 1252 674 1318 Graeciae
695 1263 801 1316 status
824 1253 933 1328 fuerit,
965 1255 1131 1335 explorare
1151 1267 1247 1335 atque

150 1406 327 1469 exponere,
351 1408 435 1452 nuno
456 1391 610 1470 primitias
630 1388 804 1450 studiorum
830 1406 971 1450 meorum
985 1361 1098 1464 Vobis,
1119 1365 1253 1468 praeoe-

153 1520 302 1600 ptoribns
324 1524 518 1600 carissimis,
540 1521 659 1603 offero,
682 1542 815 1604 sperans
834 1523 915 1606 iore,
939 1532 972 1586 ut
995 1541 1062 1598 ees,
1085 1541 1146 1604 qna
1169 1523 1249 1584 estis

148 1671 231 1736 erga
254 1671 304 1714 rue
325 1653 519 1716 humanitate
538 1662 571 1717 et
586 1655 818 1734 benevolentia,
846 1660 992 1736 accipere
1006 1655 1121 1718 velitis.
1144 1657 1251 1735 Atque

146 1798 188 1860 ad
220 1799 366 1862 Athenas
397 1795 520 1881 qtridem
545 1799 679 1877 primum
708 1797 845 1858 animum
875 1794 980 1876 appuli
1009 1803 1043 1856 et
1072 1795 1112 1854 ob
1144 1811 1248 1854 rerum

152 1930 376 1992 obscuritatem
398 1938 430 1992 et
452 1929 492 1991 ob
515 1929 599 1990 urbis
621 1929 781 2009 antiquum
804 1927 1026 2008 splendorem
1050 1927 1149 1988 mnito
1171 1943 1249 1987 vero
1302 1987 1306 2002 ,

149 2062 322 2143 ampliores
343 2059 508 2142 magisque
530 2059 614 2120 eneti
636 2057 738 2120 forent
761 2058 791 2119 iri
815 2059 937 2139 fontes,
961 2059 990 2121 si
1012 2058 1050 2118 iis
1072 2057 1247 2119 dooumen·

146 2193 202 2274 tis,
224 2211 307 2275 quae
324 2193 356 2256 iu
369 2191 818 2268 bibliothecisBarcinonensi,
840 2193 980 2269 Veneta,
1002 2188 1243 2252 vindobonensi

149 2324 271 2388 inedita
300 2323 417 2402 latent,
451 2324 560 2387 utendi
583 2322 656 2386 mihi
688 2321 803 2386 fuisset
831 2323 977 2386 iaoultas.
1002 2305 1116 2400 'Quod
1147 2341 1244 2403 quum

149 2453 224 2515 mihi
247 2473 309 2515 non
332 2452 465 2528 licuerit,
486 2453 525 2514 iis
545 2451 697 2528 fontibus,
721 2451 761 2513 ad
784 2469 865 2534 quos
886 2451 989 2514 aditus
1012 2452 1084 2514 mihi
1106 2452 1248 2533 petebat,
1340 2460 1341 2464 ’
1445 2439 1447 2444 ’

144 2591 328 2647 nomentum
351 2602 403 2648 me
432 2599 508 2646 osse
537 2583 691 2664 oportuit3
723 2584 830 2666 itaque
858 2586 1014 2667 reliquum
1046 2595 1115 2664 est,
1148 2595 1182 2646 ut
1212 2584 1250 2651 iis

149 2715 229 2778 viris
251 2715 471 2792 doetissimis,'
496 2716 548 2796 qui
569 2733 695 2778 summa
718 2715 905 2779 liberalitate
928 2715 1036 2778 studia
1060 2736 1131 2779 mea
1151 2720 1245 2782 adiu-

143 2857 269 2924 verunt,
289 2847 525 2929 professoribus
537 2847 725 2926 oarissimis,
749 2847 787 2906 [A.
799 2843 941 2923 'l'rossio‚
962 2849 1120 2929 gymnasii
1137 2849 1242 2912 Ham·

47 3049 50 3056 .
146 2983 306 3054 monensis
317 2981 472 3063 collegae,
494 2989 527 3045 et
538 2979 798 3043 bibliothecarum
809 2980 1003 3056 Bonnensis,
1028 2979 1243 3063 coloniensis,

146 3121 446 3204 Darmstadtiansis,
469 3119 761 3197 Franoosurtensis‚
784 3115 1089 3201 Guolpherbytanao
1110 3122 1241 3185 antiati-

146 3249 230 3323 tibus
251 3261 377 3342 gratias
402 3274 500 3339 agam
521 3273 614 3340 quam
638 3254 805 3316 maximas.
