3110 5446
600 427 1026 530 —rraaegy

135 623 288 686 Antonii
313 625 335 686 i.
360 623 484 706 quidem
507 625 600 690 ducis
620 629 798 694 celebratae
827 619 979 696 tribuatur
1003 637 1268 716 magnificentiae.

134 739 176 802 n}
210 741 341 820 reliquis
362 741 456 802 huius
477 743 594 816 aetatis
618 743 775 808 aediiieiis
798 747 873 808 nihil
898 748 1002 811 adbuc
1024 763 1186 833 superest,
1211 755 1276 818 sed.

134 843 222 910 duo
243 848 365 912 saecuti
389 849 470 914 ΧΨ
491 851 687 935 scriptor-es,
711 857 762 936 qui
788 856 933 922 Athenas
956 861 1123 941 viserunt,
1154 866 1263 945 operi-

135 952 219 1016 bus
241 955 310 1020 suis
330 956 476 1020 nonnulis
499 957 538 1018 de
561 958 600 1020 iis
623 960 835 1040 prodiderunt.

222 1064 313 1126 diter
328 1072 384 1131 est
405 1065 620 1146 Cyriacus
641 1069 897 1147 Pinnieoiia,
919 1074 1137 1145 Anconitanus
1159 1078 1263 1158 iiie¹),
1342 1152 1344 1158 .

141 1170 211 1250 qui
232 1187 344 1251 quum,
367 1181 402 1234 ut
423 1174 522 1253 ipsius
544 1175 651 1247 verbis
676 1186 762 1250 utar,
799 1163 969 1250 Graeciam
1002 1185 1145 1246 revisendi
1180 1188 1264 1250 orbis

134 1281 280 1359 gratian
310 1281 403 1344 aunis
429 1281 634 1344 ttae-rute
669 1287 898 1364 percurrisset,
927 1292 1259 1374 „magnificentissimi

148 1385 332 1450 Florentiui
355 1386 473 1450 domini
495 1389 581 1466 (scii.
605 1383 758 1472 Raynerii
781 1393 840 1468 11.)
865 1403 897 1456 et
918 1395 1066 1477 Epireas,
1096 1403 1264 1480 Aetoieas,

146 1495 305 1558 haereas
322 1495 485 1568 ur=bes,³)“
507 1496 601 1594 editt,
624 1497 687 1574 Qui
709 1517 806 1580 quum
827 1503 889 1565 sibi
911 1508 1144 1588 proposuisset,
1180 1513 1265 1572 anti-

147 1623 246 1688 quas,
270 1616 427 1690 quotquot
444 1616 620 1684 exstarent,
641 1612 859 1692 inscriptiones
884 1617 1057 1699 coiiigera,
1097 1637 1264 1684 common-

54 1727 57 1732 ·
149 1716 243 1777 tariis
261 1717 328 1778 suis
339 1725 374 1789 et
391 1717 538 1778 nonnuiia
553 1715 594 1784 de
606 1719 816 1800 Athenarum,
840 1691 1031 1802 miserarum,
1056 1729 1262 1810 Megarorum

148 1825 368 1909 topographia
402 1825 538 1906 prodidit
560 1835 666 1888 eires
698 1829 877 1910 Epiroticas
910 1832 1049 1912 perbene
1080 1834 1263 1898 illustravit.

152 1932 262 2012 Cuius,
284 1933 522 2014 inscriptionum
548 1921 707 2013 ooiiectio,
731 1938 854 1998 etiamsi
878 1937 918 2012 de
948 1942 1177 2024 nonnullarum
1199 1941 1263 2006 tide

150 2037 322 2120 dubitatur,
356 2041 408 2105 vei
427 2039 523 2128 hodie
545 2041 620 2133 tanti
642 2043 850 2121 aestimatur,
887 2053 924 2119 nt
951 2048 1132 2126 complures
1155 2067 1195 2110 ex
1223 2067 1263 2112 ea

154 2148 190 2212 in
213 2149 368 2212 iioecirbii
395 2147 438 2213 V:
460 2148 509 2212 ct.
531 2167 612 2230 opus
630 2150 805 2234 egregium
821 2151 883 2214 sint
903 2165 1062 2234 receptae.

59 2331 63 2339 Ι
195 2289 197 2294 s
238 2258 379 2320 Aiterun
410 2267 565 2338 opusest
591 2245 797 2340 Anonymi
829 2258 1094 2334 Viennensis
1125 2262 1262 2346 iiiins⁸),

106 2441 109 2447 Ι
156 2383 293 2446 querne
322 2365 410 2456 eod.
454 2365 699 2429 vindobonensi
728 2365 917 2430 Lodovicus
951 2367 1089 2430 Rossius
1117 2371 1147 2432 in
1176 2354 1264 2448 titte-

148 2491 256 2536 rarum
277 2473 442 2536 annalibus
453 2473 688 2536 Viennensibus
698 2480 773 2536 aute
795 2475 854 2536 hos
877 2474 1044 2538 duodecim
1068 2496 1169 2538 arrnos
1192 2477 1263 2540 edi-

153 2579 208 2642 dit.
254 2579 355 2644 Cuius
376 2580 466 2660 liber,
491 2580 683 2661 inscriptum
727 2567 789 2641 „aa
822 2575 947 2666 θέατρα
960 2577 1022 2644 Ὶκαὶ
1043 2579 1258 2648 διδασκαλεῖα

148 2683 216 2752 cair
235 2675 419 2772 Ἀθηνῶνα,
442 2689 515 2750 sive
536 2687 654 2752 ultimis
677 2686 808 2752 ducibus
831 2690 1050 2772 regnantibus,
1082 2695 1153 2754 sive
1176 2695 1261 2765 'iur-
1369 2775 1373 2780 Ι

151 2812 260 2857 carum
292 2803 436 2876 tempore
460 2796 602 2874 scriptus
626 2793 703 2873 ¹est,
743 2794 949 2880 antiquorum·
971 2803 1259 2880 monumentorum,

152 2919 238 2990 quae
264 2909 330 2966 tum
355 2899 493 2982 Athenin
516 2910 723 2980 supererant,
748 2899 991 2983 descriptionem
1014 2905 1170 2984 contioet3
1195 2923 1258 2986 qua

164 3061 460 3078 m

168 3175 198 3242 1)
216 3175 419 3242 Epigrammata
445 3169 554 3240 reperta
574 3177 622 3240 p'er
641 3165 788 3242 'Illyricum'
813 3177 968 3242 acyrtaee
991 3171 1163 3232 buconitano
1190 3179 1254 3246 (per

223 3263 398 3331 Liburniam).
418 3264 458 3332 (s.
475 3277 501 3316 a.
519 3271 548 3316 et
564 3265 601 3332 i.)
619 3267 670 3318 tot.
694 3281 719 3330 p.
740 3269 800 3317 ⁰-
811 3268 847 3318 ta
864 3275 892 3320 et
908 3266 1042 3320 84-87.
1064 3267 1121 3335 (ed.
1145 3272 1259 3322 Romae.
1280 3297 1288 3327 -,

147 3376 151 3388 .
215 3357 316 3424 1747.)
391 3360 393 3368 ’
852 3401 858 3408 ,
1206 3417 1208 3422 Ι

165 3447 197 3508 a)
213 3451 249 3500 et.
269 3447 530 3502 Commentariorum
548 3445 660 3512 tiyrieei
672 3435 845 3510 'Anconttani
863 3459 936 3498 nova
954 3449 1108 3514 fragmenta
1126 3449 1198 3502 notis
1216 3449 1254 3500 il-

41 3589 42 3596 ,
215 3539 406 3598 lustrata-(ed.
424 3537 517 3601 Pomp.
535 3537 781 3602 compaginatus).
798 3536 910 3587 Pisauri.
929 3536 1011 3588 1763.
1031 3537 1079 3587 toi.
1096 3553 1123 3601 p.
1141 3541 1170 3590 3.

145 3683 148 3696 ,
168 3627 197 3693 8)
215 3631 330 3682 Wiener
345 3609 516 3683 Jaurbr'tener
532 3631 580 3679 der
599 3627 755 3706 bitteratur.
772 3629 847 3678 Band
865 3627 911 3681 90.
929 3627 1020 3678 wien.
1040 3627 1123 3677 isto.
1143 3629 1170 3677 8.
1196 3629 1256 3678 An·

129 3737 135 3750 ‘
216 3720 364 3785 aeigebiatt
381 3735 407 3784 p.
425 3719 547 3770 to-4e:
574 3719 715 3780 Anonymi
732 3717 894 3768 Viennensis
912 3717 1057 3780 descriptio
1076 3718 1148 3768 urbis
1167 3719 1254 3769 Arne-

215 3823 312 3862 narum
329 3813 409 3862 nebst
427 3813 479 3860 den
499 3809 605 3860 briefen
624 3810 671 3859 des
688 3809 860 3872 zygonatas
879 3807 931 3858 und
950 3805 1107 3872 Cabasiias,
1126 3809 1171 3860 ein
1191 3809 1253 3862 nei-

215 3906 278 3967 trag
302 3915 355 3954 nur
380 3901 565 3966 tropograpirie
591 3913 644 3952 von
672 3901 758 3952 Atiren
787 3913 842 3952 von
869 3898 918 3950 Dr.
943 3901 975 3949 ir.
1003 3901 1083 3950 ibose.
1124 3903 1159 3952 ct.
1187 3897 1253 3954 cod.

219 3992 454 4044 Vindob.n.188.
472 3993 492 4043 f.
509 3994 546 4042 22
566 3995 591 4045 b.
607 4017 641 4030 -·
656 3993 694 4043 82
712 4005 738 4044 a.
761 3993 789 4043 in
811 3995 839 4043 P.
857 3991 988 4044 mnneoit
1005 3992 1205 4042 commentariis
1215 3990 1256 4070 de

84 4119 87 4124 ,
214 4087 336 4138 biblioth.
361 4084 498 4137 caesarea
515 4075 736 4137 vindobonensi.
770 4083 956 4136 vindobonae.
978 4077 1059 4134 1671.
1078 4083 1128 4134 sei.
1147 4077 1177 4133 Τ.
1201 4080 1251 4138 IV.

213 4191 259 4243 pg.
276 4177 346 4228 205.
939 4171 944 4180 ’

968 4251 1044 4336 “s
