3110 5446
516 563 804 626 ·-9t-

130 750 265 830 fuerit,
305 751 427 816 sincero
462 745 623 809 scribendi
663 747 733 808 oius
770 763 890 826 genere
919 742 1032 824 vnlda¹
1052 742 1256 807 detestantur.

131 845 381 921 Cuiuslilrruui
398 875 417 918 a
433 856 600 918 Mattheao
620 855 717 916 fratre
733 865 766 916 et
781 855 925 936 Philippo
948 862 1064 934 nepote
1075 855 1163 914 aba.
1180 849 1259 914 rtis

135 965 194 1033 ad
223 987 254 1030 a.
279 963 358 1027 taut
379 963 592 1026 continuatum
615 981 691 1026 esse
721 966 853 1046 solinus,
887 967 940 1046 qni
972 974 1078 1026 tamen
1100 960 1258 1026 Gree‘oiro

141 1073 259 1134 relius
278 1073 361 1134 lnois
383 1073 422 1132 nil
442 1071 624 1138 attulerunt.
668 1073 742 1152 lpse
764 1091 842 1134 vero
868 1075 1003 1134 loannes
1024 1089 1119 1152 quum
1135 1071 1176 1132 do
1197 1070 1260 1132 im·

144 1179 240 1261 perii
264 1179 617 1262 constantinopolitani
629 1179 724 1240 rebus
739 1180 873 1260 plurima
888 1181 1051 1258 exposuit,
1076 1188 1140 1241 tum
1156 1175 1260 1239 Guel-

144 1291 219 1350 teri
236 1285 359 1348 cladem
391 1287 599 1368 Athenasque
620 1305 640 1348 a
674 1285 840 1348 Catelaois
863 1294 974 1366 oaptas
996 1286 1114 1366 optime
1136 1284 1262 1346 dosori-

150 1395 226 1474 psit
245 1394 283 1475 ¹),
320 1414 402 1478 qnos
433 1395 577 1458 homiues
605 1396 744 1458 uoiarios
771 1393 916 1458 Graecas
937 1396 1009 1457 illas
1037 1393 1265 1475 possessiones

153 1503 457 1585 Franoogallorurn‚
491 1521 570 1584 quas
592 1504 795 1580 „norinorum
813 1503 967 1568 delicias“
986 1503 1133 1584 appellat,
1157 1500 1268 1563 lundi-

160 1624 220 1673 tus
244 1615 405 1676 evertisse
426 1613 576 1694 queritur.
607 1637 609 1644 ¹

292 1720 474 1780 loannes
516 1717 780 1780 Bocoooeius
823 1735 927 1798 porro,
974 1717 1176 1780 Certaldinus
1211 1718 1264 1779 illa

163 1826 242 1888 libro
273 1845 355 1886 nono
389 1825 494 1905 operis
515 1823 610 1903 illius,
648 1823 731 1906 quod
754 1823 820 1899 „do
846 1826 976 1884 casibus
1009 1827 1147 1888 virornrn
1189 1827 1264 1886 illu-

166 1929 342 2002 strium“⁹')
378 1934 532 2008 scripturn
563 1939 632 2003 est,
673 1927 820 1991 Guolteri
857 1932 896 1996 ll.
934 1932 1127 1992 llrennensis
1167 1935 1265 1994 vitain

165 2037 345 2118 descripsit.
383 2037 484 2100 Cuius
508 2035 601 2097 duois
623 2037 758 2098 inleliois
777 2037 1008 2116 expeditionem
1026 2037 1185 2100 Graeoarn
1208 2057 1266 2101 sa·-
1304 2027 1307 2032 ’

167 2148 209 2208 tis
232 2125 382 2208 aoourute
403 2145 551 2224 exposuit
583 2145 795 2225 nonnullaque
831 2145 871 2205 de
906 2164 955 2221 ea,
995 2149 1167 2224 quoe-alio
1197 2148 1268 2208 looo

167 2253 285 2330 frustra
303 2269 452 2334 quaeras,
463 2246 633 2314 memoriae
645 2253 792 2332 prodidit
814 2254 1026 2316 Boooaooiurn
1044 2273 1145 2316 rerum
1158 2253 1267 2318 (irno-

169 2378 279 2421 oarum
303 2359 527 2440 peritissimum
549 2357 652 2420 fuisse
677 2369 821 2436 onustat3
845 2360 950 2439 itaque
973 2359 1082 2421 faeere
1102 2381 1163 2423 non
1186 2381 1264 2442 pos-

168 2483 253 2546 sum,
282 2467 356 2546 quin
377 2466 480 2545 miror,
503 2465 628 2528 nesoire
651 2465 879 2541 Boonaoeiurn,
897 2485 959 2546 quo
980 2467 1047 2527 iure
1077 2469 1268 2529 Breaneusis

168 2575 266 2655 stirps
295 2571 441 2634 Athenas
469 2571 612 2636 tenuerit.
663 2571 728 2649 Qui
767 2573 829 2633 etsi
863 2574 893 2634 in
921 2573 1088 2636 irorrandis
1119 2573 1270 2640 Gualteri

172 2683 300 2766 reliquis
324 2681 518 2746 facinoribus
540 2682 632 2744 nimis
661 2682 691 2744 ei
719 2683 877 2744 inimicum
908 2699 947 2744 se
977 2681 1119 2762 praebet,
1137 2687 1267 2766 ¹quippo

173 2811 267 2874 quero
285 2791 578 2874 odissettrmquam
590 2793 795 2855 Florentinae
819 2794 972 2856 libertatis
997 2795 1134 2874 hostem,
1161 2806 1266 2858 tamen
1365 2845 1366 2852 ,

176 2899 260 2980 quod
285 2899 327 2962 ad
349 2897 496 2964 Graecas
518 2915 571 2958 rer
593 2902 717 2977 attinet,
741 2899 835 2960 iidem
857 2901 886 2962 ei
908 2900 1074 2981 denegare
1096 2922 1158 2962 nou
1193 2921 1274 2982 pos·

169 3027 298 3072 sumus.
669 3057 673 3064 .
1245 3075 1250 3080 ,

254 3117 304 3178 De
325 3118 451 3179 Marino
473 3113 586 3177 deindo
609 3097 732 3174 Sannio
754 3120 787 3172 ot
810 3111 990 3176 Broohardo
1011 3115 1200 3179 ooniunotinr
1223 3116 1274 3179 di·

175 3222 311 3318 eundum
337 3231 398 3297 est,
423 3241 515 3303 quum
536 3231 703 3300 utrumqne
724 3220 836 3315 eodern
859 3230 1002 3301 temporo
1025 3232 1057 3284 et
1080 3223 1213 3289 eundern
1238 3226 1278 3290 ob
1382 3255 1391 3280 ι

195 3477 225 3534 1)
242 3477 263 3527 1.
280 3475 301 3525 l.
317 3475 366 3526 lib.
385 3469 462 3524 vnn
482 3485 505 3524 e.
525 3471 570 3523 dl.
590 3475 630 3521 ed.
651 3473 778 3536 Dragani.
797 3473 828 3521 Τ.
848 3469 881 3520 ll.
900 3477 925 3534 p.
936 3473 982 3521 55.
1007 3471 1045 3520 »E
1063 3468 1121 3522 cosi
1139 3473 1165 3523 le
1182 3474 1279 3525 deliaie

244 3567 286 3616 de’
297 3565 391 3630 herini,
409 3565 557 3629 aequistats
574 3565 754 3614 anticameute
772 3577 819 3626 per
836 3563 875 3627 gli
888 3564 1060 3631 desperanti,
1077 3565 1085 3612 i
1103 3566 1178 3628 qunll
1195 3577 1279 3617 ernon

243 3660 251 3707 i
269 3653 314 3720 piu
333 3657 480 3708 morbidis
503 3657 602 3720 meglio
621 3663 713 3706 stante
740 3657 834 3706 clre'iu
853 3657 910 3706 ullo
929 3670 1008 3718 paese
1025 3656 1066 3706 del
1090 3658 1203 3721 mondo,
1232 3669 1281 3718 per

242 3743 300 3798 oosi
317 3747 448 3799 dissolute
465 3754 545 3811 geute
564 3749 662 3798 turono
681 3747 841 3800 distr-utteo
860 3755 984 3814 guasto«.

199 3837 232 3899 Β)
250 3835 333 3889 Cuius
349 3839 410 3890 llbrl
429 3851 508 3902 quum
526 3837 605 3888 aditio
627 3837 720 3888 lantino
740 3839 817 3888 nulia
835 3841 897 3888 utini
914 3839 947 3889 ed
966 3852 1061 3892 ornans
1081 3846 1165 3903 esset,
1185 3841 1284 3898 ltelioa

244 3929 370 3978 versione
388 3942 453 3978 usus
471 3941 550 3990 suar,
577 3939 657 3991 quam
675 3929 889 3979 sennenannani
908 3929 940 3980 V.
960 3928 1022 3993 CL,
1053 3931 1285 3993 fluallrrbytauae

245 4023 420 4072 bibliothecae
443 4022 586 4084 praetenti,
605 4021 689 4070 debeo
707 4019 880 4084 liberalitati,
898 4017 1071 4083 inscriptam:
1103 4021 1113 4070 l
1132 4021 1188 4071 uari
1206 4019 1281 4083 degli

249 4111 366 4162 huomini
394 4111 496 4160 illustri
521 4124 604 4172 opera
630 4112 654 4159 di
679 4114 716 4162 Μ.
735 4112 842 4162 Glovnu
871 4113 1002 4162 linocaoio
1031 4112 1132 4174 pur-tlte
1161 4112 1188 4161 lu
1213 4123 1285 4162 nove

249 4203 308 4252 libri
324 4209 377 4270 eto.
395 4217 442 4265 per
459 4203 491 4251 Μ.
509 4203 644 4263 Θίιιεερρε
663 4201 767 4252 Betnssi
786 4205 819 4250 da
839 4205 973 4254 linusano.
1011 4202 1134 4266 Vlurgin.
1163 4201 1241 4255 toto.
1258 4202 1286 4266 8.¹

251 4296 300 4349 lot.
319 4295 374 4344 249
385 4309 401 4344 n
411 4295 491 4344 -258
501 4296 525 4346 l).
