3110 5446
774 566 1003 627 ...iffi-.-

325 744 510 830 ⁸condylurn
539 756 744 808 revertamur.
787 747 850 826 Qui
879 757 1045 828 postquam
1075 748 1167 828 tertie
1199 747 1276 809 lihro
1299 747 1468 810 Timuris
1518 720 1520 789 l

340 871 391 916 res
414 855 653 916 accuratissime
674 854 857 934 descripsit,
882 863 992 934 qrtarto
1006 853 1214 918 lilohamurcti
1231 857 1253 914 l.
1276 855 1467 916 historiam

342 961 569 1040 complectitur.
614 959 734 1024 Eodem
756 961 832 1024 libro
853 979 948 1043 quum
971 959 1010 1039 dc
1033 968 1120 1022 statu
1143 958 1345 1024 Graecarum
1377 979 1467 1041 pro·

344 1068 518 1130 vincianam
539 1069 623 1148 agit,
658 1079 723 1130 turn
746 1067 786 1128 de
810 1069 1005 1130 Athenarum
1028 1066 1210 1132 crrnditicue
1230 1072 1356 1148 optime
1386 1067 1466 1129 dis-

291 1171 294 1177 ’
344 1178 422 1238 serit
436 1179 474 1250 l).
517 1177 748 1240 Acciaioiornm
779 1176 905 1257 quidem
938 1175 1106 1255 primordia
1134 1197 1196 1239 uon
1226 1179 1468 1256 wincestriae,

346 1303 439 1364 quarn
465 1285 655 1361 Phrautzee‚
679 1283 720 1346 ad
741 1301 771 1350 a.
798 1282 1009 1358 tenerescit,
1032 1303 1095 1364 quo
1118 1285 1230 1348 eodem
1251 1305 1338 1349 anuo
1356 1285 1466 1348 Ceu·

345 1390 496 1454 turianics
519 1387 713 1454 Geuueases
742 1378 826 1465 (ἀπὸ
857 1387 916 1471 τῆς
947 1377 1084 1452 leantur
1111 1385 1230 1474 μοίρας
1255 1388 1313 1454 τοῦ
1349 1390 1461 1456 οἴκου

343 1492 532 1583 Ζαχαρίων]
556 1499 775 1578 Peloponneso
798 1500 915 1577 potitos
936 1517 1010 1562 cese
1031 1499 1206 1578 fabulatur}
1228 1509 1346 1580 postea
1374 1519 1465 1562 vero

329 1623 385 1670 ,aa
408 1607 511 1686 ipsum
534 1606 676 1685 corrigit,
699 1604 772 1668 dum
784 1605 1016 1686 liayueriuml.
1038 1605 1092 1668 diu
1114 1614 1188 1686 post
1211 1606 1464 1687 expeditionem

346 1713 429 1774 illaru
451 1713 602 1776 extitisse
624 1711 775 1775 declarat.
813 1715 864 1776 De
881 1714 1050 1796 ,Raynerio
1072 1715 1170 1796 igitur
1192 1722 1225 1776 at
1246 1713 1339 1778 hellis
1357 1717 1463 1778 eius-

347 1818 418 1882 dem
447 1837 508 1882 nee
539 1837 601 1880 nou
630 1819 670 1880 da
699 1819 834 1882 tiliarum
870 1821 1077 1882 matrimoniis
1108 1805 1463 1902 plurimamemo'riae

348 1927 493 2007 proditi)
516 1929 763 2008 testamentique
782 1927 824 2002 ab
847 1946 885 1990 eo
908 1929 1027 2008 signati
1049 1929 1241 1992 mentionem
1262 1930 1351 1992 facit.
1378 1933 1458 1992 Au·

349 2024 425 2097 tonii
448 2037 471 2096 l.
506 2041 573 2098 vita
600 2037 764 2116 sequitur,
793 2037 882 2098 cuius
913 2037 1026 2099 ballum
1054 2057 1126 2100 eum
1156 2039 1290 2102 Venetis
1317 2049 1457 2122 gestum

349 2159 465 2223 resque
494 2141 638 2219 privatae
669 2151 887 2220 exponuntur,·
929 2163 1024 2223 quem
1055 2145 1200 2208 Athenas
1230 2144 1388 2208 aediliciis
1426 2151 1459 2204 et
1519 2144 1520 2159 ¹

351 2249 422 2312 aliis
457 2250 649 2311 ornamentis
677 2248 810 2310 arruisse
836 2247 911 2309 dicit
934 2247 1134 2332 ,magnificis
1186 2249 1303 2328 Quinto
1337 2249 1460 2312 deiude

249 2441 250 2444 Ἴ
349 2362 427 2425 libre
447 2360 488 2422 de
510 2359 675 2440 Hungaria
694 2369 729 2422 et
751 2359 908 2440 Neapolis
929 2379 1029 2440 reguo
1051 2379 1157 2422 sermo
1178 2370 1247 2441 est,
1280 2369 1378 2422 sexte
1403 2379 1458 2422 res
1519 2332 1520 2379 ¹

354 2469 493 2532 hluratis
516 2470 555 2530 ll.
575 2467 807 2530 adVarneuse
830 2468 902 2530 illud
923 2465 1268 2549 proelium-describit3
1297 2487 1392 2550 quem
1426 2477 1459 2530 et
1518 2523 1520 2583 p

353 2579 492 2640 Atticam
525 2577 719 2654 devastasse
741 2584 773 2636 et
805 2575 1001 2638 Athenarum
1032 2575 1146 2638 ducem
1173 2577 1232 2638 sihi
1255 2577 1458 2640 tributarium
1519 2638 1520 2643 ,

354 2687 474 2749 teeisse
501 2699 614 2749 auctor
641 2695 694 2746 est
707 2689 747 2758 ³).
790 2684 913 2746 liudem
944 2685 1014 2746 lecu
1037 2685 1201 2747 historiam
1224 2683 1457 2746 Atheniensem
1519 2720 1520 2771 p

352 2795 517 2858 continuat
538 2811 656 2874 resque
678 2781 780 2872 illue,¹
803 2811 886 2872 qtrae
907 2801 981 2872 posi
1004 2793 1137 2853 Antonii
1158 2793 1183 2856 1.
1207 2791 1457 2854 mortemacci·

325 2894 327 2898 ’
353 2904 478 2979 derunt,
501 2919 562 2964 nee
583 2903 644 2962 non
665 2901 825 2982 Raynerii
841 2901 880 2961 ll.
904 2887 939 2960 et
959 2901 1086 2962 Antonii
1101 2903 1139 2962 ll:
1161 2899 1294 2972 fratrum
1315 2879 1454 2960 dissidia
1519 2920 1520 2949 t

353 3011 513 3074 describit.
537 3011 726 3092 staynerius,
751 3009 879 3071 airatre
894 3001 1056 3088 expulsus
1076 3007 1267 3070 Florentiam
1281 3025 1319 3068 se
1331 3016 1456 3068 coutu-

351 3121 405 3198 lit,
435 3115 587 3182 etimne
616 3124 740 3180 mortuo
759 3115 871 3176 denuo
892 3113 957 3176 dux
987 3114 1109 3191 evasit,
1133 3095 1260 3174 adiutus
1281 3133 1302 3175 a
1323 3115 1455 3191 turcis,
1519 3183 1520 3186 Ἴ

355 3217 543 3304 quibuscum
571 3220 686 3295 foedus
709 3239 779 3284 eum
812 3219 957 3296 icisee⁴),
989 3218 1070 3280 idem
1094 3218 1372 3300 Chalcoooudylas
1394 3236 1457 3280 se·
1519 3207 1520 3210 ¹

354 3307 452 3414 ptimo
480 3333 558 3392 libro
589 3303 734 3391 testatur.
776 3327 899 3390 liudem
930 3334 962 3387 et
996 3335 1114 3388 octavo
1146 3325 1232 3405 libro
1254 3344 1307 3388 res
1333 3343 1353 3386 a
1376 3327 1457 3388 lilo-

350 3426 562 3500 hammetoll.
584 3432 883 3516 gestasurbemque
897 3430 1214 3512 oaptam'descrihitt
1235 3430 1348 3492 deiude
1370 3448 1458 3492 nuuc

353 3547 433 3609 libro
454 3544 614 3628 interitum
636 3531 814 3604 ultimorum
830 3541 1058 3622 principatuum
1073 3538 1274 3610 Graecarum
1296 3541 1459 3623 deplorat3

353 3653 479 3715 decimo
511 3649 644 3730 denique
677 3647 757 3711 libro
788 3647 873 3708 'bella
902 3667 922 3708 a
951 3647 1089 3710 Venetis
1123 3647 1164 3710 ad
1202 3649 1457 3730 recuperandam

315 3776 320 3788 “
354 3760 525 3826 Graeciam
548 3768 642 3840 gesta
664 3754 800 3822 enarrat.
845 3761 955 3839 ltaque
978 3749 1322 3823 extremanltimcrum
1347 3760 1459 3824 Athe-

375 4053 406 4110 ι]
424 4053 444 4106 ι.
462 4029 481 4100 ι’.
499 4051 543 4101 tn.
562 4049 608 4100 tv.
627 4065 654 4113 p.
667 4051 821 4102 aur-aue.
879 4052 882 4060 ·

285 4146 290 4153 ·
374 4147 406 4206 a)
424 4145 442 4194 1.
461 4145 480 4194 t.
500 4143 547 4194 un.
565 4142 610 4193 tv.
630 4157 653 4206 p.
673 4143 830 4194 are-aru.

374 4239 405 4291 er
423 4237 444 4286 t.
462 4235 481 4286 1.
498 4236 543 4286 rru.
563 4227 611 4286 vt.
629 4251 653 4300 p.
672 4234 827 4288 eta-ear.
887 4223 889 4228 '
925 4290 928 4294 ,

375 4329 405 4394 tr
424 4326 662 4390 1.t.tn.vu.12.
681 4327 734 4378 err
755 4332 780 4378 er
799 4327 863 4380 ate
