3126 5400
591 591 798 653 ...29-

139 773 284 836 'l'afelius
307 791 377 835 cum
402 772 569 836 Eustathio
593 793 659 854 suo¹
676 775 841 856 vulgavit,
876 777 1045 858 praecipue
1067 787 1118 837 est
1148 791 1236 837 usus.

138 882 241 942 Multa
265 881 389 961 quidum
413 889 526 961 postea
548 882 576 944 oi
599 883 628 942 iu
650 899 763 944 manus
792 891 954 944 venerunt¹
981 882 1131 944 historiae
1153 883 1237 942 'l'ra-

28 1004 32 1010 ·
142 991 334 1068 pezuntirrae
357 989 565 1069 documenta,
600 992 733 1071 quaein
758 989 1085 1052 commentationibus
1107 989 1239 1061 Acade-

141 1099 225 1156 miae
240 1095 450 1156 Monacensis
466 1096 672 1174 imprimenda
690 1097 814 1156 curavit
839 1105 871 1158 et
892 1095 1146 1174 „orientalibus“
1171 1097 1239 1156 suis

141 1200 380 1284 ,‚fragmentis“
405 1200 432 1278 Ι)
470 1203 669 1264 multifariam
702 1203 888 1285 illustravit3
922 1203 1095 1282 permultae
1124 1213 1238 1271 coutra

139 1311 271 1372 chartae
293 1329 365 1372 eum
386 1309 551 1391 fugerunt,
574 1312 760 1390 praesertim
775 1313 906 1393 quaeud
920 1313 1140 1376 commercium
1158 1331 1237 1392 spe-

137 1429 243 1498 ctent3
265 1429 405 1480 attamen
422 1405 599 1481 laudandus
612 1429 661 1481 est
676 1438 883 1502 magnopere,
907 1427 1024 1504 quippe
1045 1423 1096 1503 qui
1118 1422 1237 1500 primus

137 1527 220 1590 hanc
241 1527 402 1590 historiam
426 1529 627 1607 cruciaverit,
658 1529 749 1588 cuius
771 1539 845 1590 ante
868 1549 940 1590 eum
962 1529 1019 1590 vix
1040 1547 1154 1589 nomen
1177 1543 1237 1586 no-

137 1645 253 1698 verant
275 1636 448 1715 scriptores
470 1637 620 1700 historici.
644 1629 768 1697 Deinde
780 1637 911 1698 Morene
935 1637 1093 1698 historiam
1108 1641 1138 1710 ⁹)
1153 1637 1237 1695 acri·

136 1744 272 1806 bendam
302 1746 463 1824 suscepit,
494 1745 584 1804 cuius
612 1744 705 1825 priori
733 1735 886 1805 ¹uolumini
913 1754 1073 1823 tamquam
1101 1745 1236 1824 supple-

138 1865 278 1913 mentum
301 1871 359 1913 seu
382 1853 506 1932 potius,
538 1863 571 1912 ut
592 1871 711 1933 graeco
736 1843 837 1912 verbo
859 1860 948 1924 utar,
972 1841 1152 1933 apologiam
1174 1851 1236 1912 ad-

139 1958 217 2020 didit
249 1957 501 2020 dissertationem
531 1960 613 2021 illam
650 1960 718 2038 „de
745 1961 853 2021 Attica
881 1979 901 2021 a
929 1961 1038 2021 Slavis
1065 1955 1235 2021 obsessa.“
1295 1941 1297 1943 ¹

137 2065 295 2129 Fontibus
322 2085 400 2127 usus
431 2077 481 2128 est
510 2055 635 2146 praeter
657 2069 857 2150 Ducangium
881 2071 1053 2148 praecipue
1076 2067 1235 2132 Chronico

137 2173 192 2234 tlto
215 2173 368 2236 Buchonii
391 2175 569 2235 Mareotico
602 2181 634 2234 et
662 2175 849 2252 fragmentis
872 2174 1057 2253 quibusdam
1079 2176 1236 2236 annalium
1300 2233 1302 2236 .

137 2282 401 2362 Atheniensium,
440 2283 470 2343 in
495 2285 735 2364 Anargyrorum
765 2283 957 2344 monasterio
981 2292 1013 2344 et
1034 2300 1135 2364 penes
1158 2281 1237 2362 Cyr.
1292 2361 1294 2364 .

137 2389 279 2451 Pittalrin
315 2389 562 2467 Atheniensem,
599 2389 702 2449 virum
742 2390 995 2468 ornatissimum,
1028 2389 1238 2451 conservatis.

138 2501 264 2579 Quibus
286 2501 456 2581 praecipua
477 2499 662 2580 fragmentis
684 2499 777 2560 nixus
800 2497 929 2560 efficere
951 2491 1109 2574 studebat,
1133 2500 1238 2561 omnia

138 2605 337 2672 Graecorum
360 2617 500 2669 veterum
521 2607 679 2668 interiisse
700 2607 840 2687 vestigia
861 2625 963 2690 neque
986 2605 1132 2671 Graecos
1154 2608 1236 2670 Hel*

140 2717 249 2794 lenes,
281 2716 340 2779 sed
366 2713 661 2779 slavo-Graecos
685 2723 717 2776 et
741 2715 886 2776 Albanos
907 2715 1019 2776 unicos
1041 2719 1073 2777 in
1097 2713 1237 2778 Graecia

137 2825 291 2889 habitare.
334 2825 384 2886 lle
413 2843 475 2904 qua
497 2823 565 2884 eius
588 2823 735 2903 opinione
756 2823 854 2883 molta
874 2821 904 2882 in
928 2830 1239 2902 utramquepartem

138 2936 299 3016 disputata
321 2942 411 3012 sunt3
433 2943 573 2994 attamen
595 2933 647 2992 hic
667 2931 778 2991 varias
799 2929 840 2992 de
863 2949 902 2991 aa
916 2932 1055 2991 virorum
1074 2930 1238 2992 doctorum
1348 2991 1352 3001 ,

140 3041 316 3104 sententias
339 3039 481 3120 proferre
503 3038 595 3117 nolo,
630 3055 723 3118 quum
745 3035 806 3097 alio
827 3037 897 3098 loco
918 3035 1005 3115 plura
1028 3034 1068 3097 de
1091 3033 1240 3099 Graeco-

140 3169 207 3212 rum
248 3149 418 3210 recentium
452 3131 571 3226 origine
600 3143 708 3205 dicere
737 3142 809 3203 mihi
839 3142 1067 3222 proposuerim.
1118 3143 1241 3220 Quodsi

139 3277 232 3336 vero,
254 3255 519 3338 quemadmodum
543 3253 685 3315 fontibus
711 3250 781 3312 suis
808 3251 852 3311 sit
874 3267 953 3311 usus
974 3249 1013 3311 ad
1036 3251 1241 3321 illustrandas

138 3382 191 3426 res
215 3362 568 3443 Franco-Byzantinus,
592 3361 787 3442 quaerimus,
812 3358 997 3421 Chronicon
1012 3357 1088 3419 illud
1104 3359 1240 3418 Moren-

140 3553 375 3567 *u-

158 3673 189 3737 l)
207 3673 243 3722 ct.
261 3671 479 3735 abhandlungen
505 3668 552 3720 der
568 3669 660 3720 histor.
679 3667 777 3719 Olassc
798 3671 845 3718 der
863 3671 943 3730 bayr.
962 3666 1118 3718 Alradeorie.
1146 3667 1195 3717 Bri.
1213 3668 1240 3715 a.

157 3815 160 3823 ,
204 3762 252 3812 l'h.
269 3767 314 3812 3.:
343 3759 672 3826 original-magmenta,
693 3757 849 3810 Chrontken
857 3795 868 3822 ,
886 3759 1050 3812 luschrilban
1070 3759 1123 3808 und
1141 3759 1241 3808 andros

205 3857 332 3907 Material
357 3869 409 3906 zur
434 3855 596 3906 Gcschichte
619 3857 666 3904 des
690 3855 876 3906 Kaiserttrums
894 3845 1049 3916 'l'rapezuat
1076 3865 1131 3903 rou
1149 3855 1177 3903 J.
1195 3851 1241 3902 Ph.

206 3949 403 4008 uatlnerayer.
423 3947 447 3995 1.
467 3947 546 4000 anah.
565 3960 589 4007 p.
610 3946 624 3995 1
644 3923 686 4010 sq.
722 3944 913 4007 uattmernyer
930 3946 1093 4008 Fragmenta
1111 3945 1162 3994 aus
1181 3942 1240 4020 deta

204 4037 305 4088 cereno.
323 4038 472 4099 scutigeri.
491 4033 573 4090 tero.
591 4035 610 4084 a
629 4036 706 4086 von.
724 4035 753 4083 a.
1147 4013 1163 4023 “’
1221 4029 1225 4040 ·

155 4132 188 4196 8)
207 4132 398 4194 Fallmerayer
417 4129 571 4182 Gcschichte
590 4133 637 4180 der
654 4129 792 4180 llalbinsel
813 4131 909 4180 Morea
926 4129 1056 4179 wihrend
1075 4127 1121 4178 des
1139 4127 1241 4178 blittol-

205 4223 301 4278 alters.
335 4222 477 4279 bliincheo.
508 4221 712 4273 teau-taso
735 4221 754 4270 2
779 4222 855 4271 Voll.
881 4224 923 4273 Sa
950 4221 1098 4286 „Welchen
1126 4219 1241 4268 Eintusa

207 4321 298 4368 hatten
317 4320 357 4368 die
374 4317 492 4368 Elaiatis
510 4320 558 4368 dar
576 4315 680 4371 Slaveu
699 4316 751 4366 aut
766 4309 909 4366 marrow
950 4312 1092 4364 btiinchan.
1114 4311 1240 4362 lauh-8.
