3126 5400
587 556 838 618 ..e-.-

123 760 202 812 esse
214 785 225 822 ,
254 759 276 804 e
303 739 443 804 lontibus
470 738 538 804 eiua
565 726 717 802 historiae
732 740 758 811 ¹)
784 735 1023 804 evidentissime
1052 732 1229 816 intelligere

125 851 147 912 li
163 871 190 913 e
212 858 234 912 t.
928 865 933 916 ;

150 867 169 914 ⁶
192 868 272 1020 nilis
287 956 474 1040 praemissis
494 955 534 1020 ad
558 953 602 1030 id,
625 951 708 1034 qrrod
731 949 982 1032 mihipropntui,
1005 963 1152 1031 pergem3
1176 953 1228 1010 at-

7 1087 12 1096 ·
124 1085 192 1148 que
215 1066 349 1146 primurn
374 1062 500 1144 quidem
522 1059 687 1144 paneade
710 1058 858 1138 operibus
882 1056 945 1121 leue
966 1074 1068 1138 usque
1090 1056 1229 1134 impres·

122 1173 186 1252 sis,
209 1173 323 1254 quibus
345 1171 475 1233 historia
488 1170 683 1232 Francorum
697 1147 973 1244 Cnostautioepoli
989 1172 1021 1226 et
1043 1161 1228 1244 praesertim

125 1280 266 1346 Athenis
287 1277 513 1341 dominantium
535 1275 723 1354 illustratur,
756 1273 855 1336 verita
879 1272 1012 1350 lueiam3
1046 1269 1160 1334 deinde
1187 1269 1230 1334 ad
1260 1323 1262 1329 .

126 1386 235 1450 inutes
258 1387 347 1468 ipses
369 1383 587 1448 reeensendos
608 1381 790 1466 aggrediar.

211 1505 407 1570 Carnium
429 1506 704 1568 Fraxinutum
728 1502 796 1577 (du
819 1501 1009 1572 Frende),
1032 1495 1229 1566 domiuum

127 1614 385 1696 Ducangium
405 1615 459 1692 ἱ),
493 1611 665 1693 prinoipem
689 1629 792 1671 rerum
816 1605 1228 1686 troarnen-synemmenae

126 1718 312 1782 obseuritati
333 1721 440 1780 lumen
460 1717 608 1781 attulisse
630 1723 764 1780 constat.
808 1715 888 1794 Qui,
924 1712 1019 1776 nobili
1040 1713 1112 1774 loeo
1144 1711 1227 1772 Am·

125 1829 210 1895 binni
233 1847 315 1892 annu
340 1827 422 1890 tuto
442 1836 537 1888 natus
560 1833 592 1888 et
615 1827 645 1888 in
668 1825 801 1906 collegio
824 1823 1086 1888 Sueietatisiesu
1107 1819 1229 1901 eduae,

126 1944 200 2015 tus,
224 1936 254 1996 in
276 1937 354 1999 iuris
376 1932 481 1998 studia
510 1935 665 2005 ineubuit.
710 1936 744 1996 ln
768 1934 845 1996 urbe
865 1931 973 2014 patria
992 1933 1115 1998 aerario
1138 1917 1227 2010 regie

126 2043 323 2124 praefectus,
352 2043 533 2124 pestilentia
555 2042 737 2112 invadente,
762 2041 904 2103 Parisios
927 2041 1036 2113 eessit,
1063 2041 1139 2118 abi,
1172 2039 1228 2100 lit·

127 2151 205 2216 teris
233 2149 360 2214 deditus
389 2160 426 2214 et
455 2149 498 2212 de
534 2150 664 2212 historia
693 2159 726 2211 et
756 2150 999 2231 Francogallica
1028 2157 1061 2212 et
1097 2157 1231 2212 externa

130 2259 251 2339 optime
287 2257 445 2334 meritus,
463 2271 546 2319 annu
571 2256 653 2319 1688
676 2273 705 2317 a.
727 2255 755 2320 d.
778 2257 821 2319 X.
848 2255 920 2318 Kal.
948 2257 1125 2324 movemur.
1155 2255 1233 2319 obiit

126 2362 218 2444 Qui,
241 2360 385 2424 doetrina
408 2380 540 2428 summa,
551 2345 738 2444 ingentique
761 2359 936 2427 eruditione
956 2363 1110 2442 insignis,
1139 2363 1230 2425 euius

126 2478 228 2532 testes
256 2479 332 2532 sunt
364 2470 433 2531 eius
467 2468 616 2552 „mediae
643 2477 739 2550 atque
771 2467 898 2530 inilmae
924 2480 957 2532 et
986 2471 1169 2533 Latinitatis
1190 2481 1224 2536 et

129 2573 325 2640 Graeuitatis
346 2573 541 2640 Glossaria“
565 2577 627 2652 iile,
649 2595 744 2658 qurum
764 2578 895 2640 Parisiis
919 2581 1020 2659 prima
1041 2556 1229 2661 seripterurn

126 2684 328 2767 llynarrtisae
358 2684 508 2758 historiae
532 2683 629 2746 editio
644 2694 838 2768 ,panaretum
869 2687 898 2747 ei
919 2689 1079 2750 summam
1097 2688 1231 2752 navavit

127 2809 276 2874 operam3
309 2791 339 2852 in
367 2791 479 2871 quibus
506 2789 712 2853 emendandis
739 2799 771 2854 et
801 2791 995 2854 illustrandis
1023 2787 1174 2876 quantum
1196 2795 1227 2856 ei

125 2897 291 2976 debentur,
314 2915 358 2962 ex
372 2897 466 2962 Anna
489 2891 664 2977 comnena,
688 2897 831 2973 zonara,
849 2897 1035 2977 Nieephnro
1057 2899 1230 2981 llryennie,

126 3002 319 3081 silentiario,
341 3001 412 3062 aliis
436 3001 516 3062 satis
542 3002 719 3066 luculenter
743 3012 839 3082 petet.
885 3004 988 3082 Quum
1011 3024 1091 3068 vero
1113 3024 1155 3068 ex
1176 3007 1226 3068 his

129 3114 360 3175 accuratiorem
381 3121 556 3189 temporum
568 3110 968 3192 Franco-Byzantinorum
985 3113 1147 3176 historiam
1166 3117 1231 3197 peti

130 3237 191 3280 non
214 3235 312 3300 posse
336 3215 563 3308 intellexisset,
587 3237 743 3281 summam
767 3239 897 3300 operam
921 3224 1261 3302 1ηεοιίρ1ωοεοο-,

128 3325 323 3399 uidentales,
346 3326 398 3407 qui
420 3344 490 3386 eam
514 3327 751 3388 commentariis
775 3327 843 3388 suis
867 3327 1080 3409 prodiderunt,
1102 3331 1228 3410 impen-

128 3433 181 3513 dit,
205 3451 365 3515 quumque
387 3445 419 3520 et
442 3429 627 3493 loiuviliium
651 3443 682 3494 et
707 3433 979 3496 Villehardninum
995 3433 1059 3506 ,tde
1083 3453 1143 3516 quo
1165 3454 1228 3518 po..

130 3547 202 3602 stea
229 3539 304 3602 mihi
333 3557 439 3626 sermo
471 3537 546 3613 erit)
576 3537 717 3600 edendos
739 3539 957 3624 suscepisset,
990 3541 1052 3604 dun
1076 3547 1230 3624 opuseuia

128 3666 272 3710 summae
296 3649 479 3710 eruditionis
502 3647 691 3732 enrrsnripsit
712 3646 752 3710 ed
776 3647 981 3711 illustrandas
1006 3671 1059 3713 res
1083 3652 1229 3714 Franco·

131 3754 337 3836 Byzantinus,
357 3757 491 3817 alterum
505 3755 611 3836 latinu,
635 3756 767 3816 alterurn
792 3757 960 3821 vernacula
983 3758 1099 3838 lingua.
1120 3759 1227 3841 Atque

150 4037 180 4103 1)
199 4039 281 4090 [altre
299 4039 330 4090 (le
347 4041 373 4090 lu
392 4039 551 4105 conquesie.
572 4043 590 4092 1.
608 4041 628 4092 l.
651 4044 752 4112 Βιβλίᾳν
770 4045 811 4106 τῆς
833 4045 998 4110 Κουγκέστας.
1019 4057 1043 4092 v.
1063 4043 1147 4094 ³043.
1185 4063 1187 4067 ’

145 4131 177 4187 2)
195 4133 229 4181 ei.
248 4128 392 4182 memetres
408 4133 570 4197 historiques
591 4149 658 4196 peur
676 4129 793 4185 serviri
805 4131 1115 4199 i'elngedeclrarlesdu
1127 4137 1229 4187 tenesne

196 4231 223 4271 et
240 4217 257 4272 d
274 4221 466 4288 l'intelligence
493 4227 526 4274 du
546 4226 608 4289 plen
627 4219 740 4288 general
760 4229 854 4278 deses
872 4225 966 4277 irrides
984 4239 1031 4277 sur
1050 4227 1179 4277 i'iristoire
1196 4231 1228 4278 de

195 4316 307 4365 Franco.
326 4315 407 4364 Paris.
430 4316 509 4370 1766.
530 4317 556 4368 t.
