3126 5400
102 1383 323 1452 'Venetorum
352 1391 447 1472 urbs,
463 1369 594 1456 marium
619 1391 776 1475 quondam
792 1393 904 1476 regina
916 1395 1108 1475 nuncupata,
1130 1413 1222 1477 qnae,

122 1497 256 1562 Romani
280 1503 401 1583 imperii
422 1504 547 1586 similis,
570 1525 589 1568 e
611 1504 737 1566 minima
760 1503 897 1566 maxima
919 1504 1045 1580 euasit,
1069 1501 1110 1562 ad
1126 1520 1223 1587 ‚sunr-

122 1625 204 1668 rnam
229 1609 361 1689 gloriam
384 1629 423 1674 ae
446 1611 618 1690 potentiam
641 1610 680 1672 ab
706 1605 847 1672 Henrico
869 1606 1014 1672 Daudulo
1035 1607 1117 1670 duce
1139 1627 1221 1670 eve-

25 1759 35 1770 ·
122 1723 176 1780 eta
208 1729 279 1796 est,
319 1729 487 1806 postquam
524 1720 627 1781 fracto
658 1727 756 1799 atque
790 1735 907 1778 everso
939 1700 1041 1808 paene
1071 1718 1220 1798 Byzantii

118 1821 251 1902 imperio
275 1825 367 1906 leges
388 1825 549 1906 imponere
567 1844 679 1888 ¹ausus
699 1833 761 1905 est.
806 1823 967 1889 Venetiae
988 1832 1101 1886 autem
1127 1842 1221 1904 quum

119 1947 224 2009 neque
253 1933 342 2011 pacis
369 1934 491 1997 artibus
514 1945 659 2002 carerent
682 1953 786 2015 neque
808 1953 913 1995 rerum
935 1941 1095 2014 gestarum
1119 1932 1222 2014 gloria

117 2037 170 2098 uili
193 2037 289 2100 medii
311 2039 386 2102 aevi
409 2041 538 2120 imperio
561 2041 731 2118 cederent,
754 2049 876 2103 tanturn
899 2041 1061 2120 potentiae
1083 2039 1229 2104 Dauduli.

120 2145 241 2208 virtute
263 2155 459 2208 consecutae
479 2155 575 2223 snut,
599 2156 632 2208 ut
656 2144 789 2222 Genua,
805 2145 868 2208 diu
892 2163 998 2208 earum
1020 2147 1146 2236 aemula
1169 2155 1223 2207 at-

127 2269 191 2332 que
212 2253 360 2332 inimica,
388 2255 444 2314 vix
466 2274 537 2316 eum
562 2255 601 2316 iis
624 2255 818 2318 contendere
839 2263 1016 2318 conaretur.
1059 2255 1140 2316 'l'nm
1166 2251 1225 2332 de7

127 2377 226 2431 mum,
250 2378 342 2440 quum
365 2344 558 2423 Gerureuses
580 2361 610 2422 iu
628 2377 694 2424 rem
719 2363 906 2424 maritimam
932 2363 1038 2443 magis
1058 2361 1225 2423 incumbe-

122 2471 202 2537 rent,
223 2462 411 2542 sedatisque
433 2464 595 2543 paulisper
608 2466 837 2531 certaminibus
847 2467 910 2527 illis
926 2466 1092 2546 intestinis,
1114 2467 1227 2546 quibus

121 2586 178 2648 per
199 2577 246 2632 tot
267 2573 398 2634 saecula
419 2573 649 2655 fatigabantur,
672 2591 742 2634 eum
768 2574 969 2653 apostalicae
991 2571 1079 2634 sedis
1093 2573 1227 2634 inimicis

121 2691 258 2756 cumque
283 2677 483 2766 Christianae
506 2679 579 2742 lidei
601 2681 747 2742 lrostibus
770 2685 960 2743 societatem
984 2681 1130 2760 inissent,
1150 2677 1225 2744 Va*-

122 2791 265 2844 netornm
288 2787 428 2863 potentia
452 2788 669 2864 mirruebatur3
695 2787 895 2848 nibilominus
910 2785 949 2846 ad
964 2787 1095 2848 exitium
1120 2804 1224 2866 usque

123 2889 278 2964 libertatis
301 2893 375 2952 urbs
398 2893 520 2969 gloriae
541 2894 714 2973 splendore
737 2894 926 2973 quodam‚--n
946 2894 1114 2954 maioribus
1125 2894 1221 2954 here-

124 2983 230 3074 ditatis
254 2997 345 3076 quasi
369 2998 433 3058 iure
457 2999 588 3078 tradito‚’
606 2999 740 3079 insignis
763 2999 831 3060 luit.
875 2997 979 3078 Quae,
1002 2999 1063 3058 etsi
1086 2997 1227 3064 aurona

125 3105 262 3183 angellis
284 3105 413 3186 domita,
437 3125 629 3170 summorum
653 3114 817 3187 puetarum
842 3105 1036 3168 carminibus
1052 3104 1227 3184 celebrata,

128 3209 285 3275 libertatis
306 3214 449 3297 perditae
472 3225 639 3296 superstes
662 3215 743 3294 fuit,
766 3221 861 3295 etque
884 3213 1091 3274 libentissime
1113 3229 1225 3272 recor·

132 3314 288 3378 dabantur
311 3329 342 3380 et
356 3319 472 3382 Veneti
494 3332 610 3400 poetae
631 3328 664 3380 et
686 3319 808 3381 externi
831 3319 979 3398 pristinae
999 3317 1080 3378 illius
1104 3317 1229 3376 virtutis

132 3434 164 3485 et
194 3401 343 3506 gloriae*
377 3425 439 3501 Qui
475 3425 665 3506 reipublicae
697 3424 843 3484 Venetae
876 3420 1025 3502 splendor
1056 3424 1228 3504 praecipue

129 3531 322 3595 derivandus
347 3545 400 3596 est
423 3555 442 3596 a
465 3543 577 3614 quarte
609 3531 810 3612 expeditione
838 3547 950 3610 sacra,
984 3548 1077 3611 quam
1101 3530 1229 3592 ineunte

126 3640 257 3702 saeculo
281 3641 404 3702 decimo
427 3645 520 3702 tertio
542 3661 561 3702 a
583 3637 739 3702 nobilibus
764 3638 993 3720 Francogallis,
1019 3637 1119 3712 ltalia,
1143 3619 1230 3702 (ier-

130 3749 232 3808 manis
255 3751 429 3814 institutam
452 3740 581 3813 scimus.
625 3749 688 3828 Qui
718 3765 813 3811 cruce
846 3748 964 3828 signati
993 3766 1086 3828 quum
1112 3747 1231 3808 Hiero·

129 3855 328 3938 solymorum
358 3875 458 3938 regno
480 3857 700 3919 succumbenti
734 3855 807 3917 uihil
834 3855 1013 3917 adminiculi
1036 3853 1230 3932 bttnlisseut,

129 3961 246 4043 quippe
274 3965 328 4045 qui
359 3980 399 4022 ue
425 3964 609 4046 attigissent
637 3962 762 4042 quidem
787 3971 901 4020 terram
925 3968 1067 4034 sanctam
1081 4004 1091 4040 ,
1121 3969 1229 4021 tamen

130 4077 315 4160 expugnate
338 4068 613 4151 Constantinopoli
647 4087 783 4131 enovam
807 4068 992 4130 Frarroiamrr
1016 4072 1062 4148 ¹),
1094 4076 1128 4128 ut
1158 4085 1229 4159 oum

84 4201 87 4207 ι
135 4193 392 4208 ffl-

133 4246 179 4322 ’1)
197 4257 309 4321 „ibique
327 4259 436 4309 noviter
453 4247 746 4323 qoa'sruovouranoti
763 4263 805 4309 est
822 4259 950 4310 ereata.“
967 4261 1067 4310 Honor.
1079 4261 1125 4311 ΙΙΙ.
1139 4276 1182 4324 ep.
1194 4261 1227 4313 ad
1261 4307 1263 4312 .

202 4351 324 4416 reginam
344 4353 555 4418 Francogalllae
576 4355 600 4409 d.
618 4351 642 4406 d.
662 4353 744 4404 1224.
763 4367 788 4404 a.
803 4353 828 4404 d.
848 4351 923 4403 xlll.
943 4354 1004 4403 Kal.
1026 4355 1084 4405 lun.
1102 4359 1179 4415 (ms.)
1223 4354 1227 4364 ¹

1016 4445 1031 4507 l
