3110 5446
564 609 791 672 ...ως-ω

92 791 347 864 (Ῥιπίοὴίλὶί
371 791 491 856 Osmau
514 793 533 854 li
556 791 783 866 SsolalrsadeJ.
808 789 1072 870 Quiscriptores,
1088 790 1150 852 etsi
1172 806 1227 850 rea

89 903 178 967 bus
213 907 349 967 narratis
382 905 545 984 aliquanto
574 911 648 982 post
669 904 841 981 vixerunt,
878 911 983 961 tamen
1005 892 1230 959 considerandi

92 1023 202 1075 sunt
223 1012 389 1092 praecipui
410 1012 585 1072 'furcarum
615 1009 740 1083 fontes,
765 1026 844 1089 qnos
867 1016 899 1070 et
919 1007 960 1068 de
982 1007 1099 1068 urbea
1129 1005 1229 1064 Baia-

94 1119 191 1180 zito
210 1119 235 1179 1.
258 1135 340 1179 anuo
365 1115 445 1177 1397
473 1124 567 1195 capta
589 1113 960 1175 dissererettammerus
973 1117 999 1187 ¹)
1028 1114 1088 1186 ait,
1131 1121 1165 1172 et
1186 1110 1227 1171 de

97 1221 255 1285 excidio
281 1220 418 1282 ducatus
441 1219 644 1281 Atheniensis
675 1219 822 1280 nonnulla
859 1219 1030 1278 memoriae
1053 1215 1231 1296 prodidisse

93 1329 295 1406 verisimile
317 1337 391 1388 est..
420 1327 524 1404 Quum
548 1343 625 1386 vero
648 1344 751 1406 neque
771 1343 828 1385 eos
847 1325 1033 1404 peripteroe,
1056 1323 1225 1386 maximam

98 1446 243 1516 partem
258 1435 414 1510 ineditos,
441 1435 634 1514 inspexerim
657 1451 760 1512 neque
783 1434 890 1512 lingua
914 1432 1052 1491 'l'urciea
1082 1428 1226 1490 eruditus

104 1547 195 1622 sim,
227 1545 268 1607 ad
291 1545 451 1606 Hammeri
475 1562 554 1624 opus
585 1543 737 1622 delegare
758 1543 875 1622 sategi,
898 1551 930 1601 et
953 1541 993 1604 ad
1025 1547 1231 1600 monumenta-

103 1659 250 1718 ultimae
272 1658 485 1718 huiusaetatis
502 1655 699 1737 progredior,
716 1674 849 1738 qnorum
864 1659 1032 1718 maximam
1045 1655 1227 1733 nobissup-
1325 1728 1329 1734 Ι

109 1763 270 1844 peditare
292 1764 415 1842 copiam
439 1766 626 1843 gandemus.

528 1943 806 1957 W

286 2119 321 2184 Β.
352 2117 642 2180 'Monumenta

93 2313 103 2318 ,
199 2245 330 2308 Praeter
362 2248 558 2326 Byzantinos
590 2249 764 2327 scriptores
806 2237 1039 2310 Acciaiolornm
1085 2243 1215 2312 historia

107 2358 277 2439 plurimum
304 2359 471 2418 chartis
493 2359 676 2436 illustratur,
710 2376 840 2436 quarum
864 2337 987 2416 summa
1012 2357 1103 2436 copia
1126 2357 1216 2420 nobis

112 2463 157 2526 ad
173 2483 284 2526 uranus
308 2473 368 2525 est.
394 2465 436 2527 Ut
459 2441 540 2524 onim
554 2465 634 2538 illas,
654 2481 734 2542 quae
750 2461 906 2544 lluynalrli
924 2461 1087 2523 moralibus
1107 2463 1218 2524 eccle-

110 2571 256 2632 siasticis
274 2581 306 2632 et
323 2573 399 2630 llos
410 2571 437 2630 ii
454 2569 590 2630 'historia
605 2569 722 2648 ordinis
737 2569 770 2629 S.
786 2571 911 2630 loannis
925 2571 1178 2652 praeclarissima
1189 2572 1218 2642 ¹]

113 2682 326 2757 continentur,
345 2689 553 2758 praeteream,
569 2677 717 2758 plurimas
732 2658 1101 2757 Buchohiuspublicavit.
1125 2677 1216 2755 Quae

113 2787 285 2868 diplomata
309 2788 490 2848 Florentiae
512 2789 640 2866 reperit,
665 2793 696 2844 et
718 2786 748 2846 in
776 2787 904 2864 aritiqno
938 2785 1210 2846 Reiorruatiounm

114 2894 260 2955 archivio
282 2894 407 2973 publico
438 2891 596 2966 [archivio
619 2891 670 2952 dei
700 2893 946 2971 Rilormagioni)
971 2901 1002 2952 et
1023 2896 1053 2952 io
1084 2891 1216 2969 privato

38 3039 41 3042 -
113 3002 350 3062 Acciaiolorum
363 2999 505 3060 archivio
519 2999 781 3079 locupletissimo,
795 3001 892 3081 qnod,
908 3000 1109 3059 Aeciolorum
1121 2987 1217 3080 gente

113 3124 183 3168 cnm
207 3109 344 3170 Nicolao
369 3110 420 3170 illo
444 3110 560 3170 clerico
583 3128 609 3170 av
629 3105 717 3168 ‘1834
741 3108 952 3182 exstinctu³),
971 3105 1150 3167 hereditate
1174 3103 1215 3165 ad

112 3214 279 3275 Horatium
309 3215 482 3276 Caesarem
510 3217 704 3279 Ricasolium
737 3218 903 3296 Equitem,
934 3215 1031 3274 ultimi
1064 3214 1215 3273 Acciaio·

109 3305 132 3381 li
156 3341 196 3381 ex
219 3339 330 3382 sorore
365 3329 533 3401 nepotem,
573 3322 760 3404 translatum
795 3330 855 3384 est.
901 3319 1021 3396 Quibus
1051 3309 1080 3378 'e'
1113 3317 1217 3380 docu-

110 3428 225 3490 mentis
258 3446 314 3502 ea,
359 3446 441 3508 qnae
469 3427 509 3488 ad
540 3405 885 3506 reliquosAcciaiolos
907 3431 935 3494 in
971 3427 1110 3488 Graecia
1138 3445 1215 3487 oer-

101 3542 220 3624 satos,
253 3547 286 3594 ut
307 3533 346 3596 ad
370 3536 539 3596 Nicolaum
563 3535 645 3595 illum
671 3535 832 3616 liliumque
860 3513 1038 3614 Angelum,
1069 3531 1217 3594 Corinthi

119 3669 395 3687 m

127 3737 155 3802 1)
174 3741 210 3790 cl.
230 3741 355 3793 llammer
371 3745 531 3823 deschlelrte
549 3749 595 3798 des
613 3747 796 3798 osmaoistheu
815 3744 921 3794 Relchs.
942 3743 1011 3792 Pest.
1031 3741 1061 3791 d.
1092 3739 1112 3792 l.
1132 3739 1215 3790 isca.

177 3833 203 3880 θ·
222 3843 283 3895 Ρθὲ.
300 3833 356 3882 252
373 3849 415 3898 sq.
433 3841 462 3886 et
480 3837 658 3897 praelationis
677 3851 757 3900 pagg.
777 3835 865 3900 XXX,
884 3833 1015 3894 xxxtV,
1037 3829 1164 3882 xxxvl}
1185 3839 1223 3884 et.

173 3921 297 3970 XXXlX.

121 4009 153 4066 2)
171 4009 245 4059 Dell'
263 4011 359 4061 istoria
385 4014 562 4080 dellalsaora
587 4017 721 4082 religione
745 4027 770 4066 et
791 4010 973 4065 illustrissima
991 4010 1085 4060 militia
1103 4009 1128 4058 di
1148 4008 1216 4058 San
1322 4069 1324 4082 Ι

125 4114 126 4121 ’
170 4101 307 4152 Giovauul
326 4099 550 4155 Gerosolimitauo
569 4105 727 4158 diJaoomo
747 4081 835 4156 lioslo.
855 4104 886 4154 Τ.
907 4102 927 4154 l.
948 4101 981 4151 ll.
1008 4105 1100 4152 ltorne.
1139 4101 1219 4172 1594·

168 4189 216 4238 tol.
244 4193 278 4240 el.
306 4191 336 4240 Τ.
365 4190 400 4242 ΙΙ.
429 4207 454 4255 ρ.
473 4195 510 4244 et
535 4194 597 4259 (lto.
621 4195 689 4260 lt),
716 4209 742 4256 p.
761 4195 797 4243 74
826 4193 888 4258 (lto.
912 4192 993 4257 tlt.);
1029 4207 1053 4254 p.
1078 4191 1128 4238 lll
1153 4189 1208 4254 (tib

169 4277 233 4344 lv.)
251 4289 301 4333 eto.

121 4371 154 4437 a)
172 4373 208 4423 or.
229 4374 301 4424 orara
318 4375 338 4430 t.
356 4375 373 4424 r.
392 4381 447 4425 nv.
468 4376 539 4426 vrn.
