3126 5400
123 743 357 814 Ceteiarmrum
384 744 589 827 expeditione
610 747 676 823 iihr3
699 763 790 828 quoe,
810 723 1004 810 edinnerda
1027 746 1151 819 haunte,
1171 745 1232 806 otei

121 869 237 930 parum
267 860 416 918 noemma
437 851 556 932 eoripta
579 851 740 932 videntur,
763 861 867 913 tamen
889 869 1048 914 exounare
1069 854 1162 916 liceat
1172 851 1233 916 Ul·-

123 969 342 1031 tremaunurn,
381 960 433 1040 qui
463 979 518 1038 pro
550 959 680 1025 ioutium
715 961 743 1020 ei
766 969 945 1040 aperturum
976 961 1081 1042 inopia
1111 969 1232 1024 tentum

121 1067 192 1136 hae
213 1067 244 1136 iu
257 1066 398 1134 historie
420 1066 599 1146 profecerit.

216 1192 277 1252 iiis
302 1189 568 1280 igitur‘dnoibus,
584 1189 771 1272 Dueaugius
795 1188 959 1252 historiam
976 1205 1068 1256 nuaur
1090 1185 1230 1268 auripsit,

126 1318 216 1380 qnee
239 1307 327 1360 tanto
351 1302 499 1383 superior
521 1307 572 1368 est
588 1298 651 1360 iitie
674 1297 833 1378 operibus,
851 1306 883 1357 ut
897 1297 1104 1374 iure*‚,pater
1122 1295 1232 1356 hieto-

127 1410 199 1469 riae
216 1405 594 1488 Franoo·Byzentinae“
619 1407 782 1468 habeatur.
805 1406 968 1467 Permulta
988 1403 1114 1484 quidem
1140 1401 1232 1464 deei-

124 1515 233 1582 dereri
264 1514 432 1595 videntur,
463 1516 551 1600 pium
580 1515 715 1587 ieiunet
743 1535 909 1598 perperam
936 1515 1051 1577 tradita
1072 1531 1150 1610 oeae
1171 1533 1232 1575 ne-

127 1629 197 1706 gari
221 1644 281 1690 nou
305 1634 422 1706 potest,
447 1627 597 1706 imprimis
623 1647 703 1708 quea
723 1612 1231 1704 ndiueuiasGraeoeespeoteutt

131 1732 195 1796 aed
220 1734 432 1800 mihilominus
469 1735 658 1802 incredibilia
688 1737 758 1796 eius
797 1735 960 1815 diligentia
992 1733 1237 1794 admirationem

129 1851 273 1905 nostram
309 1845 423 1926 fugere
452 1863 512 1907 neu
543 1856 659 1927 potent.
701 1845 797 1923 Quod
821 1845 1030 1925 Arehipeiagi
1051 1843 1179 1925 quidem
1200 1852 1262 1914 et-

133 1960 252 2022 dunum
274 1961 359 2022 Nnxi
377 1961 404 2035 ¹)
440 1961 665 2022 dominantium
688 1960 849 2022 historiam
872 1959 964 2020 nimie
988 1956 1182 2039 neglexerit,
1204 1958 1237 2018 ei

133 2067 363 2148 ignoscendum
387 2076 475 2149 puto,
488 2069 558 2144 ,etsi
582 2067 611 2128 iu
629 2066 741 2130 Sauuti
756 2062 892 2126 'toraelii
907 2065 1078 2144 „seeretis
1093 2063 1234 2154 fidelium
1294 2091 1296 2102 ·

131 2172 266 2236 oruois“
294 2175 441 2257 nonnulla
463 2175 504 2236 ed
526 2193 584 2236 eoa
606 2177 797 2255 'pertinentia
817 2175 845 2236 oi
868 2174 1006 2253 reperire
1017 2172 1141 2236 licebat.
1165 2169 1237 2232 tte·

134 2281 211 2364 tiqui
235 2283 316 2344 enim
339 2283 392 2363 qui
414 2303 453 2345 ee
476 2282 515 2344 de
537 2301 573 2346 re
595 2283 701 2344 fontes
723 2260 866 2362 exstant,
899 2289 952 2342 aut
977 2280 1062 2342 tibris
1086 2279 1236 2360 perraris,

131 2388 256 2452 scilieet
286 2387 654 2472 Genealogie'qundem
683 2373 807 2453 Ducum
842 2389 1048 2470 Archipeingi
1078 2397 1109 2450 et
1129 2385 1236 2447 domi-

135 2517 245 2560 uerum
264 2499 347 2573 Peri,
369 2499 515 2562 Veneriis
534 2509 674 2560 exeunte
694 2499 825 2558 saeeuin
849 2495 948 2558 XVi⁰
963 2501 1131 2576 impresse,
1152 2486 1235 2589 oon·

132 2602 284 2680 tinemut,
308 2611 362 2670 aut
382 2612 456 2664 aute
469 2604 626 2682 Duoaugii
640 2609 769 2682 tempus
785 2601 869 2663 edita
889 2600 1025 2662 noudum
1041 2609 1144 2676 eruut,
1170 2619 1233 2662 ve-

136 2708 190 2770 tuti
234 2709 418 2798 Pincenzae
450 2711 619 2792 Aegaeum
653 2710 831 2772 redivivum
867 2718 900 2772 et
930 2708 1077 2790 Saugerii
1105 2708 1237 2772 historia

138 2817 226 2880 Naxi
236 2821 278 2894 ςΙ),
300 2829 407 2880 nostra
431 2828 539 2884 aetate
559 2821 723 2883 rarissime
745 2834 852 2902 opere.
883 2820 956 2897 ipae
974 2827 1083 2880 ,tumen
1107 2817 1239 2880 Dueau·

138 2928 210 3008 gius
235 2945 316 3008 opus
347 2946 439 2990 suurn
470 2949 530 2990 unu
558 2929 704 2990 omnihus
727 2947 767 2987 err
791 2927 932 3006 partibus
955 2927 1135 2988 absolutum
1158 2943 1235 2988 esse

143 3034 317 3115 intellexit3
343 3044 533 3116 quapropter
555 3017 686 3099 alteriue
709 3037 856 3098 editionis
871 3036 1032 3118 parandae
1054 3035 1137 3116 oepit
1158 3052 1240 3096 oen·
1277 3090 1280 3096 .

140 3143 250 3206 silium.
273 3141 378 3219 Quum
403 3161 479 3203 vero
504 3161 590 3206 more
613 3145 777 3224 repentine
797 3163 907 3206 senem
931 3163 1035 3225 paene
1056 3151 1238 3226 octogeno·
1263 3122 1266 3128 ¹

141 3250 217 3318 rium
249 3247 451 3326 abstulisset,
484 3254 736 3330 marrnsoriptum
767 3250 858 3312 iatuit
880 3269 979 3332 opus,
1003 3249 1107 3312 donee
1129 3259 1240 3314 nostro
1331 3240 1333 3244 ¹

142 3375 241 3432 novo,
260 3366 404 3418 'ourante
426 3359 449 3416 1.
475 3358 513 3416 Α.
537 3358 699 3418 Buohouio
730 3357 771 3420 V.
793 3357 859 3433 ct,
890 3358 920 3418 in
943 3359 1045 3419 iuoem
1069 3350 1239 3436 prodiret).

146 3464 237 3525 Prius
267 3462 360 3524 huius
388 3462 535 3530 editiouie
569 3464 722 3525 volumen
750 3480 810 3524 aex
843 3463 930 3524 iibria
964 3481 1016 3524 res
1042 3463 1237 3526 thurcorum

165 3757 193 3816 1)
212 3754 250 3810 et.
268 3751 373 3810 Nenos.
409 3753 458 3809 Ein
478 3753 601 3820 Vortrng
619 3763 671 3802 von
691 3749 722 3804 Ε,
741 3749 860 3809 certior.
886 3751 994 3824 hordia.
1017 3750 1097 3808 1846.
1115 3750 1141 3810 θ.
1162 3762 1188 3814 p.
1205 3749 1242 3808 29

211 3851 240 3898 et
257 3850 329 3898 Rosa
348 3845 512 3898 inseireiaen
530 3844 562 3904 Τ,
580 3845 602 3898 1.
621 3861 644 3908 p.
662 3845 700 3896 2⁷
717 3859 774 3908 aeq.

162 3942 191 4003 9)
209 3943 340 3993 Pincenne
365 3944 460 4007 i’iigou
479 3943 606 3993 rediuivn
624 3943 691 3992 u'stn
708 3942 905 4006 chorographin
923 3943 988 3992 deti’
1008 3943 1171 4009 Aroipelago
1189 3947 1241 3996 eto.

210 4033 334 4084 Modone.
352 4035 434 4085 1688.
454 4035 481 4086 4.
498 4031 636 4100 (sanger)
655 4030 773 4085 Histoire
791 4034 920 4086 nouvelte
938 4036 984 4084 des
1002 4035 1112 4085 anetem
1129 4037 1195 4085 dno·
1213 4039 1242 4086 et

192 4129 306 4180 ,autres
323 4123 534 4174 souveraius'de
552 4111 695 4187 t’nro'trtpel
714 4130 763 4175 eto.
799 4123 884 4178 Paris.
906 4125 1050 4182 169812.
1073 4126 1156 4176 toeo.-
1172 4127 1217 4176 12.

167 4217 199 4282 e)
217 4217 327 4268 Buohou
346 4217 497 4266 Golteottun
515 4217 562 4265 des
580 4216 740 4279 etrrootquen
758 4216 910 4266 nationetee
929 4217 1089 4284 harpetreu.
1116 4215 1146 4266 Τ.
1165 4215 1186 4266 i.
1205 4214 1240 4274 ΙΙ.

216 4308 344 4369 Duoauge
363 4307 470 4356 histoire
489 4309 522 4356 do
540 4305 658 4369 l'empire
676 4310 708 4354 de
727 4306 962 4370 Constantiuupie.
986 4308 1072 4357 Paria.
1093 4305 1171 4358 1826.
1190 4308 1219 4362 8.
1338 4349 1342 4364 ,
