3126 5400
795 518 1000 608 -m-

239 789 242 796 ,
342 725 412 788 ueri
428 724 484 787 isti
519 726 798 790 adnumerandam·
818 729 869 788 est
908 725 1069 816 ilenricus
1091 739 1218 805 noster3
1250 727 1309 790 sed
1335 727 1469 790 Ville-

340 831 529 898 harduiuum
549 835 693 898 imitatus
715 853 791 897 esse
812 834 949 912 videtur,
977 836 1029 896 cui
1049 837 1231 918 neutiquam
1256 850 1330 924 eum
1349 847 1468 918 post·-

339 940 518 1006 habendum
542 961 618 1006 esee
642 941 842 1008 manilestum
865 953 924 1010 ast.
963 945 1049 1008 Sunt
1069 963 1174 1027 vero,·
1191 945 1242 1024 qui
1263 943 1465 1019 dubitarint,

339 1055 441 1110 utrum
464 1047 516 1112 hic
536 1049 666 1112 hienrici
685 1049 763 1122 liber
784 1047 846 1112 lide
867 1049 985 1134 dignus
1006 1052 1059 1124 sit,
1072 1069 1112 1112 ιιιι
1135 1051 1232 1114 multa
1253 1051 1306 1111 vel
1330 1051 1457 1130 plera-

227 1146 231 1166 *
339 1153 501 1233 que-licta
520 1163 554 1218 ot
573 1155 718 1219 fabulosa
740 1175 779 1218 eo
801 1157 1028 1232 contineantur,
1049 1173 1148 1238 quum
1169 1158 1284 1221 eximia
1304 1156 1456 1240 quadam

338 1269 372 1322 et
391 1260 565 1324 admirabili
587 1261 752 1344 diligentia
774 1269 875 1341 usus,
903 1284 945 1326 ne
966 1264 1092 1328 minima
1121 1263 1271 1346 quidem,
1296 1283 1381 1345 quae
1416 1266 1452 1326 ei

340 1367 476 1430 alicuius
508 1369 657 1430 momenti
686 1387 763 1432 ease
791 1370 978 1448 videantur,
1005 1371 1150 1434 reticeat.
1193 1373 1453 1452 ltaquelibrum

336 1479 408 1538 eius
428 1495 492 1538 oon
526 1477 567 1539 ad
596 1479 749 1542 historiae
782 1479 878 1542 iidem
900 1481 1070 1562 scriptum
1093 1475 1253 1560 putarunt,
1277 1479 1337 1544 sad
1365 1499 1448 1542 ma-

337 1588 389 1670 gis
410 1587 450 1650 ad
474 1589 681 1654 oblectandos
701 1609 770 1670 eos,
793 1595 845 1673 qui
865 1593 1160 1673 eumperlegereot.
1203 1589 1346 1674 Quorum
1363 1591 1445 1672 opi·

336 1695 388 1778 nio
414 1695 538 1758 omniuo
558 1695 640 1758 falsa
653 1697 726 1760 mihi
744 1698 868 1778 quidem
881 1695 1006 1760 vitietur
1019 1717 1116 1781 esse;
1137 1701 1253 1781 etenim
1267 1699 1298 1760 si
1309 1717 1444 1779 aeqrua·

334 1803 396 1866 lem
425 1823 528 1868 rerum
561 1815 772 1868 enarraturum
794 1814 1007 1888 spectatorem
1045 1825 1118 1870 eum
1146 1805 1249 1868 luisse
1278 1807 1445 1870 statueri-

225 1959 228 1966 ι
334 1928 414 1986 mur,
439 1912 571 1992 eiusque
594 1913 756 1976 historiam
778 1933 848 1978 com
877 1917 1006 2001 reliquis
1031 1913 1201 1978 earundem
1225 1931 1329 1976 rerum
1352 1916 1445 1978 scri·

335 2022 480 2108 ptoribus
502 2022 738 2103 contulerimus,
766 2032 801 2084 ut
822 2041 893 2084 cum
917 2025 1103 2112 Acropolita
1124 2032 1157 2085 et
1179 2023 1353 2086 lunoceutii
1382 2025 1444 2090 ΙΙΙ.
1527 2014 1528 2021 ¹

337 2135 501 2218 epistolis,
536 2132 720 2194 nimia'fore
742 2133 813 2192 eius
834 2131 996 2215 diligentia
1018 2142 1050 2194 et
1072 2135 1166 2214 copia
1196 2151 1257 2194 uon
1282 2133 1440 2194 movebi-

279 2271 283 2280 ’
336 2255 416 2326 mur,
438 2255 471 2306 ut
491 2244 532 2306 de
559 2241 623 2304 lide
655 2241 726 2304 cius
756 2241 946 2306 dubitemus.
1000 2241 1139 2320 Scripsit
1166 2249 1275 2304 autem
1305 2240 1440 2325 Henriei

333 2349 536 2432 imperatoris
557 2365 609 2409 res
630 2347 670 2408 ab
692 2365 721 2409 ιι.
746 2345 829 2413 1207
842 2346 882 2408 ad
906 2366 934 2410 a.
961 2347 1239 2408 remorsurum
1258 2364 1329 2408 cum
1351 2345 1438 2408 sub-

331 2457 445 2522 tilitate
466 2473 519 2518 res
540 2454 610 2518 illas
632 2454 792 2536 exposuit,
812 2471 894 2535 quae
923 2461 997 2534 post
1026 2453 1181 2516 Rouilacii
1204 2453 1435 2518 hlautislerra-

330 2566 432 2629 tensis
446 2571 678 2646 praematurum
693 2561 831 2623 obitum
824 2581 854 2621 ιιι
870 2562 1052 2640 perturbato
1061 2561 1312 2623 Thessalonicae
1328 2577 1429 2642 reguo

329 2675 524 2740 aeciderunt.
568 2671 673 2750 Quum
693 2662 775 2732 euim
798 2685 970 2732 successor
990 2670 1083 2750 eius,
1100 2662 1307 2749 Demetrius,
1331 2669 1432 2733 minor

329 2787 405 2841 natu
427 2777 522 2852 lilius,
545 2772 673 2838 Graeca
703 2779 804 2832 matre
824 2771 1022 2852 progenitae,
1042 2769 1145 2831 iulans
1163 2777 1265 2848 esset,
1285 2767 1426 2846 Obertpa
1476 2813 1480 2822 -

329 2861 475 2950 Crassus
494 2881 685 2946 Blandratae
713 2897 821 2942 comes
850 2875 1119 2962 (deklliaudrata)
1132 2919 1142 2958 ,
1171 2879 1263 2958 regui
1290 2875 1429 2943 vicarius

330 2995 403 3057 sive
434 2995 615 3070 „baiulusm
632 2990 749 3052 'contra
770 2990 989 3068 imperatorem
1009 2985 1197 3050 seditionem
1223 2987 1337 3064 movit,
1356 3001 1427 3064 qua,

237 3169 240 3174 ,
331 3103 519 3170 coniunctus
553 3117 626 3162 curn
656 3099 774 3180 italicis
810 3096 966 3158 nonnullis
1006 3095 1196 3156 Thessaliae
1231 3094 1427 3177 proceribus,

332 3227 464 3292 regnum
488 3201 913 3270 ThessalonicaeGuilelmo
937 3202 1120 3284 marchioni,
1144 3203 1253 3262 maiori
1277 3201 1427 3264 Demetrii

327 3318 432 3396 tratri,
457 3315 649 3378 conciliaret.
687 3313 745 3374 vAt
776 3311 846 3390 ipse
867 3322 899 3372 et
928 3309 1022 3390 socii,
1053 3308 1092 3372 ab
1126 3309 1265 3370 Hernico
1296 3305 1426 3382 devicti,

305 3407 308 3414 ‘
330 3427 519 3490 destiterunt
540 3423 581 3485 de
602 3421 728 3502 incepta
742 3419 920 3502 proditioue
942 3429 975 3482 et
989 3419 1019 3504 in
1044 3421 1200 3482 courcione
1221 3419 1272 3483 illa
1290 3419 1424 3482 liaveo·

259 3545 261 3548 ’
327 3535 450 3598 nicensi
470 3534 501 3594 in
529 3531 720 3594 deditionem
743 3539 818 3592 sunt
839 3533 967 3612 recepti.
1013 3531 1076 3610 Qui
1097 3552 1192 3614 quum
1215 3535 1323 3596 multis
1348 3535 1425 3598 locis

326 3641 520 3721 Thebarum,
545 3657 627 3720 quae
657 3639 732 3700 urbs
762 3637 880 3718 Ottoui,
913 3641 1108 3705 Athenarum
1134 3643 1273 3726 dominc,
1296 3645 1421 3709 subdita
1527 3681 1528 3688 ι

246 3787 248 3802 ι
322 3766 346 3810 a
374 3745 611 3813 ohombardisu
632 3749 702 3810 istis
735 3730 997 3832 oppugnabatur,
1038 3752 1227 3815 mentionem
1257 3753 1354 3816 iaciat
1376 3753 1415 3830 ι),

298 3897 300 3900 -
323 3865 398 3938 post
427 3853 699 3925 Villeharduinum
729 3855 877 3936 princeps
911 3855 1061 3918 historiae
1088 3857 1193 3944 huius¹
1214 3859 1416 3923 Atheniensis

323 3966 396 4028 lons
427 3971 479 4025 est
508 3960 746 4024 existimandus.
796 3961 898 4025 Cuius
934 3964 1189 4045 commentarios,
1219 3983 1239 4026 a
1268 3965 1418 4042 Brialio¹l
1528 3947 1529 3962 ¹

276 4177 279 4182 ,
340 4141 408 4208 l)i.
427 4139 445 4190 l.
464 4141 506 4190 ed.
526 4140 558 4210 ll.
578 4133 658 4188 buch.
676 4138 763 4188 205-
767 4136 824 4186 208
842 4137 974 4189 ιι2θ4-
976 4139 1040 4188 296.

338 4235 370 4298 ll)
389 4233 518 4296 scriptor
545 4243 596 4282 rer.
615 4229 740 4295 francog.
756 4231 790 4284 Ψ.
808 4227 905 4280 livill.
923 4243 949 4294 p.
967 4231 1065 4280 492-
1073 4231 1140 4283 514.
1175 4233 1415 4292 cinamomum

382 4339 421 4388 pr,
432 4323 547 4374 ‘Villeh
565 4334 591 4384 p.
607 4317 666 4372 256
683 4331 723 4384 sq.
742 4322 782 4370 ed
802 4321 851 4372 alt.
871 4321 955 4372 Paris
980 4321 1059 4374 tete.
1078 4323 1104 4370 8.
