3110 5446
338 745 494 822 optimum
534 741 718 821 reperimus.
777 741 872 802 Mitto
905 740 1045 803 tabulam
1075 741 1319 822 genealogicam
1357 741 1476 804 illam

338 848 572 910 Comrreuorum
609 846 928 927 Trapeuuotinorum,
963 847 1119 910 cinnamo
1153 867 1324 927 annexum,
1360 865 1476 927 quae

285 1021 290 1026 ,
337 962 411 1036 post
440 953 562 1014 editum
595 952 823 1032 Fellmerayeri
857 971 941 1033 opus
960 955 1116 1034 impressa
1143 954 1303 1031 estpsed
1334 963 1473 1016 tacere

343 1079 479 1140 nequeo,
512 1060 637 1132 uomina
666 1070 699 1120 et
728 1059 841 1122 luctiua
865 1069 896 1121 et
919 1061 1052 1122 barbara
1073 1092 1127 1138 -‚
1150 1061 1181 1125 id
1202 1061 1286 1142 quod
1310 1060 1471 1126 Buche-

340 1167 408 1226 uius
437 1165 567 1245 saepius
596 1174 730 1247 questus
768 1174 828 1246 est,
850 1199 886 1212 —
920 1169 1047 1228 omniuo
1075 1166 1251 1231 deformeta
1279 1185 1371 1246 esse,
1426 1174 1470 1226 et

338 1292 397 1334 nos
420 1293 481 1334 uon
504 1291 575 1336 raro
599 1275 629 1335 in
651 1275 749 1336 variis
762 1275 950 1338 lectionibus
962 1273 993 1336 id
1015 1277 1170 1358 iuvenire,
1193 1277 1275 1359 quod
1296 1278 1326 1338 irr
1351 1286 1465 1338 textu

343 1383 459 1443 trustra
491 1369 723 1462 quaesivimus.
777 1383 871 1444 Huec
900 1393 988 1461 suut,
1025 1401 1107 1464 quae
1146 1384 1175 1444 iu
1213 1383 1274 1444 hac
1306 1381 1466 1444 editione

342 1472 464 1554 recenti
484 1492 654 1570 praecipue
681 1490 940 1571 reprehendenda
967 1510 1043 1554 esse
1070 1493 1260 1569 existimavi,
1293 1491 1352 1554 sed
1381 1493 1462 1554 iarn

338 1598 377 1661 ad
396 1599 541 1678 singulos
565 1601 738 1681 scriptores
760 1610 899 1666 transeo.

421 1721 595 1784 Nicetes
619 1725 889 1786 Aeomirratas
906 1729 943 1804 ¹),
964 1723 1147 1805 Michaelis,
1166 1724 1361 1786 Athenarum
1387 1743 1455 1786 ar-

339 1825 546 1915 chiepiscopi,
569 1834 681 1911 lruter,
697 1833 818 1895 Chouis
840 1833 989 1894 oriundus
1003 1835 1126 1912 ‚isaacii
1140 1835 1178 1894 ll.
1203 1834 1317 1915 Angeli
1336 1833 1453 1912 impe·

337 1942 585 2003 ratorisnomine
600 1941 839 2021 Philippopolim
852 1959 934 2001 anuo
945 1937 1275 2019 ll89administravit‚
1286 1959 1348 2020 quo
1369 1959 1451 2001 mu-

338 2043 461 2109 nere'eb
476 2049 589 2108 Alexio
608 2048 650 2108 V.
666 2051 730 2108 istc
744 2045 933 2127 Murzuphlo
945 2057 1074 2126 exutus,
1092 2048 1167 2113 urbe
1190 2058 1295 2129 capta,
1316 2049 1453 2110 Nicae-

338 2179 387 2220 em
400 2179 437 2220 ee
456 2161 599 2235 eontulit,
622 2168 653 2220 et
669 2161 699 2220 in
713 2159 865 2223 [nascaris
882 2156 1124 2219 illius'iheodori
1140 2158 1162 2216 l.
1182 2157 1255 2218 aula
1271 2155 1352 2217 diem
1365 2155 1452 2218 obiit

337 2285 521 2347 supremum
547 2249 694 2344 (1216).γ
717 2265 778 2342 Qui
800 2266 881 2332 xxi
903 2253 992 2324 'libris
1021 2279 1074 2323 res
1105 2263 1301 2342 Byzantinus
1334 2280 1352 2323 a
1387 2264 1449 2323 lo-

337 2393 418 2435 aune
441 2357 615 2435 Comueuo'
647 2371 687 2433 ad
720 2358 875 2432 balduini
902 2387 1013 2430 necem
1052 2355 1294 2444 (tric—1206]
1335 2387 1448 2450 expo-

338 2483 410 2545 suit.
453 2481 556 2543 Cuius
579 2485 685 2562 operis
706 2481 774 2544 libri
796 2479 933 2562 quinque
951 2478 1047 2539 ultimi
1063 2477 1103 2539 ad
1122 2477 1316 2538 Francorum
1336 2494 1448 2558 expe-

338 2587 485 2649 ditionem
504 2588 586 2648 illam
612 2583 790 2668 Byzantino
813 2586 945 2666 imperio
968 2585 1135 2646 exitiosam
1153 2593 1310 2662 spectant.
1333 2584 1446 2646 Athe-

330 2714 447 2757 narum
464 2695 680 2776 quoqueiecit
703 2698 907 2776 mentionem,
922 2711 1003 2773 quas
1025 2701 1057 2753 et
1079 2712 1098 2753 e
1122 2694 1230 2754 Leone
1253 2693 1304 2753 illo
1328 2694 1446 2773 Sguro

343 2803 537 2884 Naupliensi
560 2802 680 2864 frustra
704 2810 907 2884 oppugnatas
922 2803 961 2876 ⁹),
986 2834 1025 2844 -·
1056 2805 1149 2860 cuius
1172 2799 1297 2881 quidem
1324 2799 1450 2859 Leonis

330 2929 392 2970 'res
425 2910 665 2973 accuratissime
693 2917 832 2988 enarrat,
859 2941 893 2953 -
920 2916 952 2968 et
981 2924 1000 2966 a
1029 2907 1212 2968 Latinorum
1256 2905 1448 2988 Campano-

342 3035 474 3096 rumque
497 3009 679 3076 cohortibus
702 3023 876 3095 occupatas
891 3013 923 3090 θ)
948 3031 1023 3075 esse
1046 3017 1097 3076 ait.
1151 3014 1215 3092 Qui
1228 3014 1365 3094 scriptor
1380 3015 1448 3074 etsi

341 3125 513 3186 litterarum
543 3134 575 3186 et
598 3123 708 3184 artium
732 3121 847 3182 studiis
868 3139 945 3182 sese
968 3121 1065 3200 dedit,
1088 3132 1192 3184 tamen
1208 3123 1384 3202 copiosiore
1409 3132 1447 3184 et

342 3230 529 3292 obscuriore
552 3228 676 3288 dicendi
699 3245 817 3316 genere
841 3225 1045 3307 perlegentes
1068 3227 1172 3308 magis
1195 3225 1324 3306 fatiget,
1347 3243 1446 3308 quum

1533 4009 1534 4046 l

339 3337 492 3397 oblectat.
507 3335 629 3414 ltaque,
642 3351 829 3414 quamquam
847 3332 913 3393 urbi
927 3332 1186 3429 capteeirrterluit
1201 3343 1232 3392 et
1249 3341 1337 3394 certo
1349 3354 1367 3395 e
1377 3351 1446 3392 ve-

340 3439 434 3496 ritate
458 3433 615 3494 horrenda
638 3431 830 3494 Francorum
853 3432 995 3492 facinora
1017 3431 1170 3513 depinxit,
1203 3439 1309 3492 tamen
1333 3429 1443 3492 Ville-

341 3541 495 3614 harduini,
528 3556 663 3618 quocum
694 3539 725 3600 iu
756 3537 964 3600 describenda
997 3537 1078 3598 urbe
1107 3547 1199 3617 rapta
1227 3538 1445 3600 conferendus

340 3655 402 3726 cst,
424 3645 659 3707 commentariis
683 3643 786 3724 magis
808 3661 883 3704 sese
908 3645 1070 3724 oblectari,
1094 3661 1187 3707 nemo
1210 3647 1281 3726 erit,
1303 3646 1356 3726 qui
1378 3666 1444 3708 ne-

294 3748 299 3752 ’
339 3762 405 3835 get.
448 3751 549 3814 Cuius
571 3770 612 3812 ex
635 3749 713 3812 libro
735 3760 888 3829 excerpta
909 3761 982 3812 suut
1004 3751 1067 3831 illa,
1091 3769 1174 3831 quae
1197 3749 1238 3815 de
1260 3755 1360 3836 Sguri
1381 3773 1441 3816 re-

336 3933 634 3950 m

356 4056 386 4121 1)
405 4053 518 4106 Nicetae
532 4056 681 4106 choniatae
701 4015 821 4124 ursione,
840 4071 874 4109 ex
893 4074 948 4111 rec.
967 4063 986 4111 l.
1006 4061 1132 4112 Beklreri.
1154 4065 1272 4112 bonnac.
1292 4062 1373 4112 isco.
1390 4063 1418 4112 8.

355 4160 462 4226 9)1.Ι.
481 4176 505 4224 p.
524 4164 681 4214 ἥθ’-803.

356 4270 388 4325 c)
407 4270 425 4318 ι.
445 4271 462 4319 r.
481 4284 504 4332 p.
522 4272 682 4336 suc-scm
700 4274 763 4324 ero.
