3126 5400
569 595 776 662 -13,

115 803 218 867 qrram
263 780 355 844 adiici
392 800 490 863 posse
524 783 681 863 yideatur.
739 783 850 852 Minus
891 790 1044 842 accurate
1082 778 1225 842 instituta

114 899 219 970 sunt,
253 907 334 968 quae
363 887 403 950 de
429 887 569 948 secunda
597 889 649 948 illa
684 887 834 968 periodo,
880 885 1097 948 Catelanicam
1134 885 1224 963 dico,

115 999 196 1058 eius
217 1015 314 1077 opere
337 998 546 1056 continentur.
569 993 669 1056 Cuius
692 995 752 1058 etsi
776 1011 937 1074 perpauca
960 993 1087 1055 exstant
1109 1013 1225 1054 monn*

117 1114 245 1180 menta,
268 1115 373 1166 tamen
398 1104 529 1165 Zuritae
546 1105 687 1176 annales,
710 1103 763 1184 qui
779 1121 818 1163 ea
839 1101 879 1164 de
903 1121 935 1163 re
958 1103 1126 1182 praecipue
1144 1121 1224 1164 con-

118 1211 249 1274 sulendi
280 1221 392 1288 eraut,
426 1231 487 1270 uon
518 1219 606 1272 recte
628 1210 777 1272 adhibuit.
823 1211 943 1290 Quare,
965 1213 992 1272 si
1015 1213 1133 1292 aliquot
1156 1213 1226 1291 epi-

121 1323 230 1382 stolas
258 1337 409 1401 paparum
439 1318 575 1380 ineditas
605 1319 768 1398 excipias,
798 1319 855 1398 nil,
886 1337 949 1398 quo
980 1319 1098 1380 harum
1123 1337 1223 1380 rerum

121 1427 305 1486 obscuritas
328 1425 517 1504 illustretur,
548 1425 639 1485 nobis
662 1425 802 1504 praebet.
846 1425 1037 1506 Diligentius
1061 1425 1223 1487 historiam
1262 1479 1264 1483 .

121 1533 245 1614 periodi
283 1531 485 1596 Florentiuae
514 1533 662 1610 exposuit
696 1531 896 1611 Ducaugius,
930 1533 1003 1613 qui,
1039 1551 1226 1614 quamquam
1306 1561 1309 1567 ¹

98 1619 103 1626 ¹
121 1642 229 1701 nullae
244 1642 272 1700 ei
295 1640 441 1716 chartae,
462 1637 504 1700 ad
519 1640 752 1702 Acciaiolorunr
775 1649 904 1719 geniem
924 1648 1123 1719 spectantes,
1142 1640 1225 1701 sub-

80 1803 93 1816 .,
122 1751 325 1822 ministratae
347 1755 451 1825 erant,
476 1729 580 1808 tamen
603 1767 645 1808 ex
667 1748 873 1826 scriptoribus
892 1747 1085 1828 Byzantinis
1101 1757 1133 1808 et
1149 1747 1226 1809 libro

122 1861 179 1921 illo
202 1861 461 1924 Ultreurauniano
484 1879 553 1920 eam
575 1857 713 1939 perbene
736 1852 915 1922 illustravit,
960 1861 1071 1939 ltaque
1096 1861 1228 1922 Ducan-

122 1967 168 2048 gii
193 1967 322 2027 historia
343 1966 671 2044 Franco-Byzantina
694 1964 851 2026 laudanda
870 1971 936 2042 est,
960 1973 1070 2044 utpote
1090 1969 1222 2046 primum

124 2076 293 2153 specimen
330 2073 495 2138 historiae¹
517 2071 709 2132 Francorum
742 2071 771 2130 iu
808 2067 946 2132 Graecia
986 2071 1226 2153 dominantium,

124 2181 177 2240 cui
202 2179 287 2258 operi
309 2195 499 2258 quamquam
523 2174 606 2234 baud
632 2191 736 2254 pauca
758 2157 879 2235 deesse
898 2183 990 2236 nemo
1014 2187 1076 2258 est,
1100 2179 1150 2257 qui
1167 2199 1227 2239 ne-
1315 2241 1317 2252 Α

128 2295 198 2368 get,
220 2295 344 2370 tamen,
368 2283 467 2360 siad.
482 2283 606 2358 fontes,
628 2285 678 2363 qui
703 2286 732 2344 ei
754 2281 794 2344 n'd
820 2301 931 2344 manus
954 2283 1097 2360 fuerunt,
1120 2287 1225 2366 respi-

132 2397 254 2471 cimus,
288 2393 492 2454 admiratione
524 2374 633 2452 nostra
654 2411 720 2454 non
751 2391 877 2472 indigna
905 2392 1042 2454 videtur.
1086 2375 1125 2454 ld'
1144 2395 1226 2474 quod

128 2517 242 2560 omues
259 2499 446 2578 scriptores,
472 2499 651 2578 quicunque
664 2508 736 2578 post
752 2500 951 2579 llucaugiurn
971 2500 1055 2562 hanc
1076 2497 1227 2566 Graecae

126 2593 279 2666 historiae
306 2604 472 2686 periodum
504 2613 706 2682 tractavere,
742 2605 986 2685 intellexerunt,
1019 2627 1155 2689 eumque
1186 2611 1227 2673 ad

127 2721 268 2774 nostram
292 2720 430 2774 aetatem
453 2699 586 2772 hileliter
614 2721 689 2774 sunt
710 2715 824 2778 secuti.
881 2715 992 2797 ltaque
1013 2717 1172 2779 Mercrius
1197 2719 1227 2780 in

128 2817 272 2897 „bexici
300 2813 466 2876 historici“
496 2808 544 2875 sui
573 2817 793 2896 supplemento
813 2823 838 2893 ¹]
871 2839 940 2880 eum
963 2825 1124 2902 excerpsit
1146 2843 1172 2884 s.
1195 2845 1228 2888 v.

130 2925 295 3002 AtheueS,
327 2947 368 2986 cx
391 2945 453 3006 quo
477 2927 591 2988 hausta
613 2935 706 3002 suut,
735 2945 943 3010 quaecuuque
965 2929 994 2988 iu
1020 2918 1228 3011 Pouquevillii

129 3035 286 3096 itinerario
310 3033 361 3122 illo
384 3029 560 3100 Graecei)
594 3032 634 3093 de
664 3033 796 3094 historia
829 3034 1017 3112 Atheniensi
1037 3037 1157 3116 scripta
1178 3039 1228 3098 in-

130 3144 308 3203 veniuntur.
341 3139 457 3218 Neque
480 3140 573 3198 aliter·
594 3138 797 3199 Michaudius
812 3127 851 3211 ¹³i,
877 3141 947 3220 qui,
968 3141 1042 3202 dum
1068 3145 1228 3224 expediti-

129 3267 209 3311 ones
231 3265 342 3308 sacras
373 3246 535 3326 depingit,
567 3246 597 3306 in
621 3246 795 3326 appendice
819 3247 980 3309 historiam
1003 3240 1228 3330 principatuum

130 3375 150 3417 a
173 3355 306 3416 Francis
329 3355 358 3412 in
375 3353 512 3432 'imperio
535 3353 713 3431 Byzantino
736 3355 979 3415 constitutorum
1005 3356 1131 3419 addidit.
1164 3360 1230 3436 Qui

133 3479 322 3543 quamquam
353 3457 393 3518 de
416 3459 600 3518 enarrandis
632 3461 886 3539 expeditionibus
909 3465 1012 3524 sacris
1035 3467 1153 3544 optime
1177 3476 1228 3528 est

131 3572 273 3645 meritus,
293 3583 346 3626 res
358 3562 554 3631 Graecorum
569 3565 661 3655 nimis
678 3567 831 3648 neglexit,
855 3587 958 3648 neque
972 3585 1104 3651 usquam
1119 3561 1226 3636 Chro-

131 3677 189 3737 nici
211 3675 294 3735 illius
319 3673 487 3752 Mareotici
510 3673 617 3734 babuit
639 3675 802 3736 rationem.
846 3675 928 3753 Quin
950 3679 1059 3756 etiam,
1084 3679 1158 3742 dum
1179 3681 1225 3742 de

136 3814 362 3827 ——n—

149 3901 177 3969 i)
194 3906 229 3954 ci.
249 3905 379 3953 Nouveau
392 3899 565 3966 supplement
578 3879 958 3974 nu'dictionnatrebistorlque
972 3883 1122 3972 deMortri.
1143 3912 1227 3962 Paris.
1257 3901 1260 3904 ’

196 3995 278 4044 1741.
298 3996 347 4043 iol.
365 3997 396 4044 Ψ.
416 3993 438 4044 1.
457 4011 481 4057 p.
501 3999 546 4046 67.
587 4037 589 4041 .

128 4086 174 4154 ,2)
192 4082 369 4148 Ροιιᾳιιενίηε
387 4099 498 4150 vrryage
516 4091 584 4138 daus
602 4090 630 4139 la
641 4085 737 4144 Gracc.
764 4095 848 4145 Poris.
871 4097 1059 4146 iseo-teat.
1079 4097 1184 4146 tiVoll.
1200 4099 1226 4146 8.

193 4177 223 4226 Τ.
243 4176 288 4226 ΙΙΙ.
307 4191 332 4237 p.
350 4176 416 4230 tsi.

149 4270 175 4331 3)
192 4259 212 4318 i.
232 4270 357 4318 Miebaud
377 4270 490 4320 histoire
510 4273 556 4319 des
575 4273 720 4326 croisades.
745 4262 830 4326 Pahis.
854 4276 1009 4330 teto-zo.
1028 4279 1045 4326 a
1063 4277 1133 4334 noll.
1152 4277 1180 4330 8.
1202 4290 1227 4327 v.

195 4359 372 4422 appendicem.
408 4365 410 4370 '
