3126 5400
603 559 829 634 -atf

147 741 337 826 exstincto,
384 745 531 828 [tegerus
566 745 814 837 Diuteviilbtuns
848 724 1036 810 hereditate
1062 745 1145 810 bona
1181 741 1252 804 eius
1361 759 1368 774 ·

146 851 283 931 aocepit
594 920 595 923 ,
794 909 797 916 .

229 959 436 1024 Godoiredus
476 951 733 1026 Villebardninus
763 962 847 1024 urbis
875 970 990 1044 captae
1021 963 1187 1026 historiam
1219 970 1252 1024 et

153 1085 206 1130 res
227 1067 450 1149 imperatorum
472 1069 617 1132 Balduini
639 1071 665 1134 1.
694 1079 726 1134 et
749 1056 877 1132 Henrici
908 1072 1051 1152 scripsitt
1082 1084 1177 1150 quum
1197 1061 1251 1131 t'a·
1266 1131 1273 1140 Ν,

151 1195 223 1239 meu
250 1197 334 1240 auno
363 1178 445 1242 taur
465 1177 613 1259 desierit,
642 1187 790 1241 enarrato
820 1179 902 1244 bello
927 1181 1095 1271 bulgarico
1126 1189 1160 1244 et
1182 1181 1244 1246 llo·

142 1285 271 1365 ulfacii,
304 1285 606 1348 'thessalonicensis
640 1289 747 1368 regis,
778 1286 862 1364 leto,
893 1289 1016 1348 nonnisi
1045 1287 1130 1349 initia
1147 1288 1247 1350 ilen-

137 1387 201 1454 'rioi
224 1392 341 1474 prodit.
395 1393 625 1457 Villehorduini
654 1395 787 1458 historia
815 1396 951 1476 primum
981 1395 1048 1458 iere
1079 1415 1160 1481 opus
1182 1384 1257 1470 est,

142 1517 205 1579 quo
243 1499 350 1582 lingua
384 1500 556 1564 vernacula
602 1519 655 1563 res
689 1519 816 1569 sitorum
855 1490 1050 1584 popularium
1085 1503 1249 1568 enarravit
1327 1553 1331 1562 .

144 1611 294 1688 scriptor.
348 1605 550 1671 Gravissimi¹
568 1613 721 1672 momenti
750 1619 820 1682 ost,
855 1628 947 1690 quum
979 1617 1011 1672 ot
1039 1611 1120 1694 ipsis
1153 1610 1249 1673 rebus

143 1719 315 1778 memoriae
344 1716 475 1798 proditis
504 1717 695 1798 interfuerit,
726 1728 759 1782 et
786 1739 843 1781 eos
864 1737 936 1782 cum
960 1721 1023 1784 lide
1045 1730 1078 1784 et
1099 1721 1250 1794 veritatis

140 1820 247 1883 studio
280 1823 473 1902 exposuerit.
518 1823 588 1886 tusi
611 1825 742 1888 multum
768 1824 860 1888 abest
882 1843 902 1885 a
923 1827 1057 1888 sumtnis
1080 1825 1245 1890 historiam

142 1926 303 1990 scribendi
326 1929 518 2010 generibus,
549 1929 801 2011 „pragmatico“
822 1933 946 1995 scillcet
967 1942 1000 1994 et
1023 1933 1247 2016 „pbilosophi-

143 2034 224 2116 eo“,
244 2043 350 2121 tamen
373 2037 498 2099 leviore·
514 2039 812 2126 commentariorum
826 2041 878 2102 illo
892 2023 1021 2122 genere,
1048 2040 1131 2124 qood
1149 2025 1259 2124 „md-¹

143 2143 284 2206 moires“
307 2145 518 2228 Francogalli,
540 2144 779 2227 „ricordauna“
802 2149 876 2210 itali
890 2149 1060 2229 appellent,
1084 2125 1246 2216 excelluit

143 2254 218 2314 Nou
241 2231 359 2335 magua
384 2253 510 2336 quidem
533 2272 587 2316 ars
608 2255 746 2319 cernitur
773 2255 803 2318 iu
832 2255 891 2335 iis,
921 2249 1025 2338 noque
1052 2247 1245 2338 imaginibus
1321 2293 1324 2300 ·

138 2361 273 2442 poeticis
293 2361 401 2425 reiecti
423 2371 518 2443 suut,
545 2349 857 2446 lt‘roncoguticorum
885 2367 983 2427 nostri
1006 2366 1079 2428 aevi
1101 2355 1243 2448 scripto·

140 2489 209 2534 rum
237 2469 351 2549 mod03
380 2477 520 2534 ettamen
549 2455 1004 2534 delectamur'orotioneeius
1025 2473 1241 2555 simpliciaco

140 2579 260 2646 fucata.
304 2581 480 2662 Tamquam
504 2579 666 2644 Homerici
689 2579 795 2642 illidii
817 2586 849 2639 et
871 2579 998 2656 borceo,
1019 2580 1123 2642 duces
1143 2601 1242 2646 exer·

137 2689 226 2749 citus
248 2685 480 2770 uranoogotuu
510 2686 600 2750 trabis
626 2693 702 2764 ante
732 2687 844 2748 oculos
875 2685 1106 2768 obversantur,
1138 2691 1239 2754 collo·

138 2789 276 2874 quentis
293 2791 375 2854 inter
388 2811 425 2855 se
440 2801 472 2855 et
492 2791 533 2855 de
554 2800 686 2854 conatus
707 2792 756 2854 sui
780 2789 996 2874 magnitudine
1016 2793 1242 2860 deliberantes.

136 2901 214 2981 lpse
236 2917 312 2963 seao
332 2899 515 2982 loquentem
534 2909 567 2962 et
587 2907 737 2981 agentern
753 2900 883 2976 inducit,
902 2902 1077 2966 Caesarem
1090 2905 1258 2986 imitatus,-

62 3029 64 3034 ·
136 3017 169 3072 et
192 3027 263 3072 cum
285 3007 442 3103 modestia
464 3025 599 3091 magnas
622 3021 716 3072 resa
739 3027 777 3071 se
798 2989 933 3094 suisque
947 3021 1062 3094 gestas
1084 3011 1237 3102 depingit,

96 3191 97 3194 Ἴ
136 3117 250 3199 quibus
261 3115 365 3178 Caroli
376 3115 590 3178 etAiexaudri
602 3116 819 3198 expeditiones
830 3117 996 3182 inferiores
1006 3121 1109 3208 inisse
1121 3124 1235 3190 Raim-

135 3223 249 3306 baldus
260 3224 312 3285 ille
323 3223 503 3312 Vaqueiras
515 3223 687 3306 praedicat.
713 3226 815 3304 Quem
831 3229 859 3288 si
875 3249 945 3291 cum
959 3206 1238 3311 nicomarciae

135 3329 278 3393 eiusdem
300 3333 345 3394 rei
362 3336 531 3414 scriptore,
553 3335 788 3414 contulerimus,
812 3343 854 3415 et,
879 3345 949 3398 utor
964 3337 1237 3400 accommodatius

135 3437 177 3500 ad
200 3447 345 3502 naturam
361 3441 535 3520 scripserit,
556 3442 874 3524 interrogaverimus,
896 3443 1133 3507 Villebarduino
1146 3457 1236 3513 certe

134 3554 242 3606 nostro
265 3545 370 3625 palmo
392 3543 567 3607 debebitur.
591 3546 665 3626 Qui,
684 3551 833 3629 quamvis
855 3568 958 3634 neque
979 3553 1102 3639 ingenti
1124 3555 1238 3620 floreat

134 3651 325 3730 eruditione,
347 3660 380 3713 ot
401 3651 529 3714 militem
551 3653 989 3734 semperandirevidetmurc
1012 3667 1117 3723 tamen
1141 3661 1237 3726 vivus

133 3768 166 3822 et
194 3759 358 3840 iuvenilis,
391 3759 420 3820 si
446 3759 553 3822 ,verbo
580 3761 624 3822 nti
654 3761 751 3842 licet,
784 3779 891 3826 sermo
914 3765 984 3828 eius
1009 3769 1236 3856 multomagis

95 3909 96 3912 ,
134 3885 205 3930 eum
229 3867 338 3928 lectori
361 3865 575 3948 commendat,
596 3885 689 3949 quieto
711 3869 852 3933 Nicetae
873 3871 1045 3938 obscurum
1068 3885 1100 3940 et
1119 3879 1235 3959 copio—
1305 3921 1308 3930 Δ

132 3973 201 4035 sins
230 3971 353 4036 dicetnli
384 3991 497 4054 genus.
541 3973 676 4040 Omnino
708 3975 869 4060 discrepat
897 3975 1026 4047 nativ'ua
1048 3971 1124 4046 eius
1141 3985 1234 4070 vigor

131 4090 166 4141 et
190 4081 293 4160 pietas
316 4100 385 4142 curu
409 4081 515 4164 longis
536 4080 656 4146 Graeci
683 4083 966 4166 declamationibus
992 4099 1028 4170 et
1054 4093 1140 4154 omni
1171 4093 1232 4157 isia

96 4203 98 4209 ’
131 4173 321 4260 inconcinna
342 4186 556 4268 amplitudine,
578 4208 660 4271 quae
680 4192 902 4259 intereuntinm
919 4197 1079 4261 nationum
1090 4201 1230 4281 scripto-

132 4293 219 4356 ribus
241 4295 366 4375 propria
388 4292 518 4358 videtur
540 4314 624 4360 oste.
647 4299 912 4386 iuvenem-qussi
934 4309 966 4366 et
987 4320 1099 4368 senem
1121 4311 1230 4374 cetui·
1310 4367 1312 4375 s
