3164 5356
784 571 989 632 ,84-

332 754 434 830 dadae,
458 737 644 815 Catelania'o
667 753 755 832 orba,
789 771 871 813 anno
896 750 977 812 1265
998 759 1030 812 et
1051 751 1135 827 circa
1158 770 1272 816 annum
1289 749 1379 824 ,1336
1402 747 1433 814 in

332 853 432 943 patria
461 862 545 922 obiit.
600 861 661 939 Qui
694 879 789 941 quum
823 878 842 944 a
878 860 1050 922 litterarum
1087 860 1201 922 studiis
1233 881 1293 921 non
1316 861 1436 922 obhor-

331 977 436 1045 reret,
479 960 550 1030 etsi
570 971 598 1029 in
628 967 782 1030 narranda
814 969 921 1030 sabula
951 971 1088 1031 'l'roiaoa
1114 973 1139 1043 ¹)
1185 971 1314 1032 Homeri
1360 988 1436 1030 sese

335 1081 516 1160 imperitum
545 1078 692 1158 praebet,
721 1087 826 1138 tamen
848 1077 929 1138 balio
951 1080 1082 1160 gioriam
1111 1097 1223 1160 parare
1245 1079 1305 1140 sibi
1327 1079 1436 1140 maluit

336 1197 369 1249 et
391 1187 497 1247 multis
520 1186 613 1246 rebus
641 1167 775 1245 'strornra
797 1201 836 1245 ac
858 1185 979 1246 fortiter
1001 1193 1034 1245 et
1061 1187 1091 1269 in
1125 1185 1310 1248 Occidentis
1342 1196 1375 1246 et
1404 1189 1437 1246 io

333 1295 473 1358 Orientis
506 1293 688 1374 regionibus
716 1292 836 1373 gestis,
878 1292 1031 1354 inclaruit.
1060 1341 1061 1346 1
1096 1295 1229 1380 Domum
1260 1311 1427 1370 reversus,

334 1398 439 1464 iacobi
470 1404 514 1476 1,,
556 1399 737 1480 dragoniao
773 1401 879 1478 regis,
914 1399 1084 1461 »historiam
1124 1381 1329 1462 conscribere
1372 1401 1433 1462 sibi

316 1509 519 1590 'proposuit3
553 1487 638 1588 (prod
662 1524 751 1586 opus,
790 1507 852 1568 298
884 1508 1037 1586 capitibus
1070 1509 1267 1583 absoiutom',
1302 1509 1342 1570 ad
1372 1527 1435 1570 an-

332 1635 405 1696 nurp
434 1633 537 1696 usque
570 1612 651 1675 1328
680 1613 777 1674 duxit.
834 1616 949 1695 Neque
972 1635 1049 1678 varo
1073 1636 1183 1698 regum
1212 1616 1431 1679 tantummodo

331 1726 557 1800 testimonio,
580 1725 687 1803 lingua
710 1725 882 1786 vernacula
902 1725 1085 1790 Cateiaoioa
1107 1729 1238 1807 scripto,
1262 1725 1434 1814 complecti

331 1835 464 1911 studuit3
493 1833 551 1896 sed
583 1835 685 1894 etiam.
709 1835 869 1915 gloriosas
898 1834 968 1896 itus
1003 1853 1068 1913 res,
1113 1835 1226 1916 quibus
1257 1835 1434 1897 Gateiano·

330 1963 398 2005 rum
440 1958 553 2004 noman
597 1942 626 2002 in
670 1941 808 2004 Oriente
839 1960 995 2005 sommam
1026 1944 1086 2006 sibi
1130 1945 1250 2024 peperit
1290 1944 1437 2026 gloriam,

330 2049 481 2130 depinxit.
536 2047 638 2110 Cuius
663 2049 877 2128 commentarii
900 2059 988 2112 t'cnio
1011 2052 1109 2132 pluris
1130 2059 1204 2114 sunt
1225 2051 1433 2128 aestimandi,

329 2177 424 2240 quum
453 2157 550 2218 rebus
580 2175 659 2230 ase
680 2158 836 2220 enarratis
870 2175 930 2220 non
966 2159 1067 2220 solum
1103 2159 1292 2240 saepissime
1328 2163 1430 2220 inter«

330 2267 444 2345 fucrit,
474 2267 532 2328 sed
555 2267 649 2328 ctiam
674 2266 858 2350 praefuerit.r
908 2267 988 2343 Quis
1012 2268 1094 2330 enim
1113 2277 1187 2344 est,
1220 2269 1273 2349 qui
1297 2273 1434 2348 nesciat,

331 2377 556 2438 aMuntauaro
570 2361 679 2434 nostro
702 2391 771 2434 cum
784 2391 885 2454 pauca
908 2393 1000 2435 manu
1017 2371 1197 2453 Galiipolim
1221 2376 1330 2438 urbem
1353 2397 1435 2440 con-

330 2490 378 2542 tra
401 2479 555 2542 maximas
578 2477 774 2541 Graecorum
798 2479 946 2542 cohortos
971 2488 1002 2542 et
1025 2481 1160 2542 Antonii
1185 2482 1338 2562 Spioniae
1362 2480 1434 2566 Gc·

329 2589 459 2652 nuensis
481 2580 616 2651 classem
630 2605 754 2648 summa
776 2605 847 2648 cum
859 2587 977 2648 virtute
992 2586 1156 2650 defensam
1182 2605 1278 2666 esset
1302 2608 1365 2672 quo
1379 2591 1433 2654 iu-

290 2749 292 2756 .
329 2697 434 2773 berna,
450 2695 593 2757 Catelani
602 2697 740 2784 classem
752 2713 843 2758 suam
858 2697 1113 2776 combusserunt,
1135 2709 1182 2776 ut,
1210 2701 1433 2763 domumredi-

328 2802 423 2864 tionis
445 2820 504 2882 spe
525 2800 668 2876 sublata,
698 2802 873 2882 paratiores
903 2802 942 2864 ad
964 2805 1068 2865 omnia
1096 2806 1237 2886 pericula
1267 2806 1435 2874 subeunda

305 2904 465 2974 *essenti
510 2910 552 2972 Ut
574 2928 662 2980 vero,
686 2927 766 2990 quae
789 2908 829 2971 de
851 2909 986 2984 Graecis
1010 2913 1102 2974 rebus
1126 2913 1299 2990 tradiderit,
1321 2915 1432 2994 paucis

324 3039 498 3104 exponam,
519 3020 787 3082 inauotasaeculo
806 3021 903 3082 XIV⁰
922 3025 1094 3100 'l’urcarum
1118 3025 1245 3106 agmina
1269 3025 1431 3105 imperium

331 3127 596 3206 Paiaeoiogorum
619 3144 761 3186 vexasse
782 3136 927 3202 constat3
962 3123 1200 3212 quibusquam
1233 3131 1351 3195 Graeci
1381 3133 1432 3196 isti

328 3234 504 3316 degeneres
520 3233 676 3294 ‘resistere
698 3251 759 3294 non
782 3233 969 3314 valuissent,
995 3225 1154 3317 Rogorius
1177 3239 1316 3318 storius,
1340 3240 1432 3302 cuius

327 3349 435 3424 pater,
457 3337 651 3402 Germanico
682 3358 802 3420 genera
826 3341 992 3421 oriundus,
1015 3344 1165 3404 „clunia
1188 3345 1360 3422 dicebatur,
1384 3347 1432 3406 vir

328 3447 399 3510 balli
422 3447 643 3526 peritissimus,
669 3445 991 3530 hominumvogorum
1015 3453 1154 3528 agmina,
1176 3438 1348 3532 praecipue
1362 3452 1431 3514 Ca-

330 3554 518 3635 telauorum,
542 3556 670 3637 collegit
705 3564 736 3616 et
761 3556 933 3616 Andronici
957 3557 1132 3638 Palaeoiog
1175 3559 1325 3637 auspiciis
1347 3561 1431 3621 mui-

328 3671 372 3730 tis
392 3665 522 3747 proeliis
545 3667 670 3726 Turcas
693 3657 819 3726 devicit.
853 3665 924 3742 Qui,
950 3665 1094 3727 ”Caesar
1118 3667 1311 3728 Romaniaea
1335 3688 1431 3734 croa-

228 3815 230 3822 -
328 3781 395 3850 tus,
426 3772 529 3851 paullo
556 3778 668 3850 posta
703 3769 865 3831 Michaoie
894 3767 1035 3864 perfido,
1065 3771 1235 3833 Andronici
1258 3772 1432 3855 ‚fiiio,tru·

328 3877 453 3942 cidatus
476 3889 542 3956 est3
578 3895 639 3958 quo
663 3877 747 3938 facto
769 3877 917 3939 cohortes
941 3879 1011 3937 ains
1034 3880 1259 3958 exacerbatae,
1285 3893 1317 3944 ut
1342 3906 1429 3947 mor-

328 3998 393 4051 tam
418 3991 486 4050 aius
510 3989 756 4067 ulciscerentur,
789 4006 876 4049 arma
905 4005 976 4048 cum
1001 3984 1136 4048 Graecis
1166 3991 1362 4052 contulerunt
1385 4003 1429 4073 et,
1487 4043 1491 4048 .

393 4146 488 4195 cirione
507 4157 533 4196 a.
554 4135 635 4195 1595.
652 4147 699 4196 fol.
719 4145 817 4196 editum
837 4159 898 4195 asse
916 4145 970 4205 ait3
989 4149 1015 4194 at
1032 4135 1159 4196 cuononi
1171 4151 1285 4208 praefat.
1305 4163 1329 4211 p.
1342 4151 1429 4199 xum

392 4235 525 4286 -Lxffi

348 4327 378 4393 1)
395 4328 541 4379 Montaner
557 4343 580 4378 c.
601 4329 666 4378 214.
781 4329 784 4336 “
