3110 5446
761 557 1046 618 -52-'

308 745 433 804 ornavit
454 749 486 804 et
509 742 614 804 multis
636 757 676 802 oc
699 739 871 821 praeclaris
892 738 976 800 nolis
998 735 1181 816 chartisque
1193 753 1234 796 err
1253 730 1432 795 archiviis

308 857 341 910 el
362 849 491 911 Veneto
514 839 719 910 etllorrtensi
740 849 878 926 sumplis
900 845 1085 924 illustravit3
1106 846 1215 924 ilnquc
1236 843 1328 905 unico
1355 840 1427 902 illa

310 967 342 1020 et
364 960 507 1038 princeps
539 956 633 1018 editio
653 991 690 1002 -·
716 975 809 1039 quem
840 972 969 1035 perroro
999 953 1030 1014 in
1059 952 1255 1015 bibliothecis
1287 949 1421 1011 nostris

311 1064 440 1127 inveniri
473 1065 639 1128 dolendum
665 1073 716 1127 est
738 1097 779 1110 -··
800 1065 912 1126 summi
942 1061 1088 1124 habendo
1110 1069 1169 1123 est.
1198 1056 1280 1120 sed
1302 1057 1342 1118 ed
1369 1058 1427 1118 li-

292 1171 398 1244 lrrnm
424 1173 527 1253 ipsum
551 1181 750 1234 transeamus
772 1183 816 1254 ct,
839 1190 900 1254 quo
923 1158 1066 1249 ternpore
1088 1168 1227 1247 scriptus
1248 1167 1301 1240 rit,
1326 1165 1425 1226 ‹leli-

309 1279 376 1340 niro
397 1279 595 1341 studeamus.
616 1280 688 1358 Quo
708 1283 740 1342 ln
761 1298 796 1340 re
818 1275 1053 1356 investiganda,
1073 1275 1113 1337 ed
1131 1274 1212 1336 duos
1234 1275 1419 1354 praecipue

310 1385 413 1466 ipsius
436 1387 504 1448 libri
526 1387 614 1450 locos
638 1385 872 1466 respiciendum
897 1394 960 1465 est,
983 1381 1416 1467 quorumelterinprologo,

309 1493 389 1555 elter
410 1494 441 1554 io
461 1493 550 1554 titulo
572 1493 640 1554 libri
661 1493 759 1554 nostri
781 1491 944 1556 invenitur.
989 1492 1143 1572 Legimus
1166 1490 1248 1552 enim
1272 1490 1301 1550 in
1330 1507 1414 1569 pro-

310 1601 384 1681 logo
399 1603 438 1680 ¹),
461 1600 611 1662 carolum
628 1601 793 1664 Valerium
815 1601 970 1682 genuisse
993 1599 1149 1660 dominnm
1174 1598 1256 1659 illem
1281 1600 1414 1677 magni-

310 1702 415 1784 ficem,
440 1724 547 1786 „quae
568 1724 667 1768 nunc
687 1725 725 1768 se
746 1706 883 1787 appellet
906 1705 1137 1786 imperatricem
1163 1722 1309 1785 quaeque
1329 1721 1415 1765 uxor

312 1811 370 1872 viri
391 1812 550 1894 magnifici
572 1821 604 1873 et
625 1812 749 1890 nobilis,
771 1811 885 1872 domini
903 1811 1039 1892 Philippi
1050 1811 1221 1886 Tarentini,
1244 1809 1259 1870 l
1266 1807 1412 1871 uerit.“

312 1919 429 1984 Carolo
456 1928 563 1982 eutem
587 1921 721 1982 Volesio
745 1929 778 1982 et
800 1918 1227 1984 catherine-Cortiniocensi
1238 1961 1249 1998 ,
1272 1949 1312 1962 «-
1327 1934 1412 1996 quoe

314 2027 461 2088 Belduini
491 2028 530 2086 ll.
558 2028 662 2107 neptis
692 2027 750 2090 luit
780 2036 813 2088 et
842 2026 937 2088 lieres
959 2026 1081 2106 imperil
1110 2025 1408 2104 Constantinopoli-

312 2133 390 2212 teni,
412 2160 448 2177 ⁴-
485 2132 657 2196 Cetherine
686 2132 749 2195 lilio
776 2153 858 2194 enno
890 2131 968 2192 1301
991 2133 1099 2214 genite
1123 2140 1189 2208 est,
1224 2151 1306 2213 qnae
1337 2149 1409 2192 mo-

312 2240 351 2301 tri
379 2241 410 2300 in
440 2240 508 2300 inre
537 2258 619 2301 enno
643 2238 725 2302 1308
746 2241 909 2301 successit
937 2247 970 2302 et
994 2239 1140 2319 Philippo
1164 2237 1408 2318 Anrlegevensi,

312 2347 442 2408 'l'erenti
471 2347 622 2427 principi,
651 2355 748 2426 nupta
775 2344 914 2425 (1313),
946 2334 1056 2408 meuse
1085 2347 1205 2407 octobri
1232 2347 1305 2407 anni
1330 2345 1412 2408 1316

312 2452 404 2532 obiit,
425 2455 557 2534 coniugi
578 2454 829 2533 quattuordecim
852 2453 942 2514 ermis
963 2461 1140 2534 superstes.
1184 2453 1292 2529 Quum
1316 2453 1415 2534 igitur

311 2575 372 2619 suo
396 2567 538 2640 tempore
561 2560 765 2622 Cotlrarinom
794 2561 877 2623 hanc
905 2561 1025 2622 vixisse
1053 2560 1179 2640 adhuc,
1211 2561 1279 2622 libri
1309 2558 1414 2622 nostri

311 2669 445 2744 scriptor
467 2667 668 2748 profiteatur,
691 2668 722 2728 in
742 2668 850 2728 tabule
871 2685 948 2727 vero
971 2666 1196 2748 chronologico
1216 2667 1288 2746 ille,
1313 2683 1411 2747 quem

313 2770 342 2831 ei
370 2770 511 2852 adiecit,
544 2772 720 2852 Philippum
752 2773 819 2839 eius
847 2772 1013 2852 coniugem
1040 2791 1123 2834 anno
1149 2772 1410 2835 marmaricum

314 2890 389 2937 esse
411 2875 497 2938 dicet
516 2881 565 2956 ⁹),
598 2877 630 2938 id
652 2877 736 2958 quod
758 2895 870 2940 omnes
893 2897 995 2938 rerum
1018 2877 1300 2959 Neapolitanorum
1325 2880 1414 2940 scri-

313 2990 422 3063 ptores
444 2987 648 3060 confirment3
679 3003 838 3066 quumque
868 2985 974 3046 tabule
1003 2986 1055 3047 ille
1087 2986 1165 3048 ultro
1187 3003 1304 3046 aunum
1330 2983 1413 3048 1333
1513 3033 1515 3036 -

315 3089 409 3151 docte
442 3107 502 3148 non
537 3091 593 3152 sit:
627 3091 712 3163 iure,
757 3090 867 3151 librum
903 3091 989 3150 illum
1019 3091 1099 3152 inter
1120 3109 1235 3152 ennom
1263 3089 1343 3152 1333
1378 3099 1411 3152 et

314 3213 429 3256 ennom
466 3193 547 3258 1316
579 3198 730 3275 scriptum
764 3213 839 3258 esse
869 3195 1094 3277 iudicabimns3
1139 3197 1170 3258 id
1204 3197 1407 3280 quolelte·

316 3323 352 3366 ro
376 3305 427 3366 illo
453 3305 524 3366 loeo
547 3305 744 3386 comprobari
766 3305 920 3367 videmus.
963 3305 1084 3366 Dicitur
1101 3307 1130 3377 ³)
1152 3305 1234 3366 enim
1257 3304 1335 3366 liber
1354 3324 1410 3366 re-

314 3420 425 3492 pertus
457 3431 533 3474 esse
556 3416 586 3474 in
609 3413 732 3476 codice
766 3411 923 3494 quodem,
956 3414 1009 3495 qui
1040 3411 1171 3495 „lueret
1200 3412 1313 3474 nobilis
1334 3411 1411 3490 viri,

335 3652 442 3710 1)1.1.
461 3665 486 3714 p.
504 3651 644 3704 28-29:
662 3651 713 3714 „de
731 3653 863 3714 laquelle
885 3653 943 3715 yssi
966 3651 995 3700 le
1018 3648 1075 3702 tres
1098 3651 1248 3703 excellente
1272 3651 1349 3701 deme
1369 3649 1415 3714 qni

388 3754 468 3790 ores
485 3741 618 3802 s’eppelle
636 3754 787 3804 empereys,
804 3750 831 3792 er
849 3743 881 3792 fu
900 3738 969 3794 teme
987 3745 1040 3794 dou
1058 3740 1116 3794 tres
1133 3743 1272 3794 excellent
1290 3749 1318 3793 et
1335 3742 1413 3792 nolle

386 3831 473 3893 home,
492 3831 602 3881 messire
614 3829 742 3892 Phelippe
759 3833 791 3880 tle
809 3834 974 3885 Therente.“

333 3920 368 3986 8)
385 3934 448 3971 ann.
468 3922 542 3970 18³2
559 3954 566 3970 .
582 3957 614 3975 ..
641 3918 742 3985 „apres
760 3923 787 3971 le
804 3931 875 3974 mort
892 3925 944 3975 deu
964 3926 1055 3988 prince
1073 3928 1104 3974 de
1122 3923 1288 3976 Therente.“
1311 3924 1329 3980 l.
1348 3926 1365 3975 l.
1385 3939 1410 3987 p.

381 4012 446 4060 477.
464 4013 501 4062 cl.
520 4011 656 4075 Rnynrrlrli
675 4013 772 4064 Annei,
790 4013 824 4066 ad
842 4029 868 4066 a.
888 4017 970 4066 1333.
991 4029 1018 4064 n.
1040 4018 1081 4068 18.

333 4103 365 4164 8)
384 4103 450 4166 „qul
468 4103 497 4152 lu
516 4098 611 4154 trevie
629 4117 662 4154 en
683 4118 717 4154 un
736 4105 808 4156 livre
825 4107 868 4170 qui
887 4104 1006 4169 rejects
1024 4107 1067 4156 del
1086 4107 1169 4158 noble
1193 4108 1277 4156 baron
1305 4106 1416 4157 messlre

385 4188 574 4244 Bartholomee
592 4191 683 4259 Gnys,
702 4195 726 4246 le
743 4201 825 4260 grant
842 4197 1039 4259 connestoble,
1058 4197 1146 4260 lequel
1164 4197 1235 4248 livre
1253 4198 1270 4247 il
1289 4198 1366 4249 urolt
1383 4210 1415 4247 en

383 4297 433 4334 eon
444 4285 719 4337 chastell’listires.“
735 4286 754 4336 l.
771 4288 791 4336 l.
809 4300 835 4348 p.
856 4287 879 4336 1.
