3126 5400
779 573 1079 654 -32-‚

216 796 221 800 ·
331 781 393 825 nae
416 769 447 822 et
471 760 616 840 Thebae,
640 757 767 821 ultimae
791 759 888 820 ultimi
905 758 995 822 dacis
1018 777 1124 839 arces,
1146 779 1166 820 a
1190 759 1313 820 'l’urcis
1346 773 1473 835 expu-

332 878 451 954 gnatae
472 877 554 930 sunt.
598 867 793 929 Fratreiscus
818 867 1010 942 Acciaiolus,
1034 869 1085 947 qui
1108 885 1285 948 perpaucos
1320 873 1472 925 tautum

330 993 431 1036 annor
453 973 600 1035 Athenas
624 980 762 1051 rexerat,
781 989 800 1032 s
820 973 965 1052 Sagauo,
989 975 1163 1042 'furcarum
1187 974 1279 1051 derce,
1309 970 1470 1053 iugula-

331 1091 382 1143 tus
405 1083 510 1162 periit3
548 1079 645 1140 vidua
674 1081 744 1140 eius
766 1082 1011 1160 protovestiario
1035 1085 1284 1164 'l'rape'zuutino,
1315 1079 1469 1161 patriae

332 1208 412 1252 suae
446 1188 614 1270 proditori,
650 1188 679 1248 in
708 1191 938 1252 matrimonium
968 1199 1018 1250 est
1041 1189 1134 1268 data;
1163 1189 1334 1252 detrihus
1364 1187 1464 1264 liliis,

332 1297 466 1378 lacobo,
497 1296 677 1375 Malthace,
702 1294 863 1375 Gabriele,
885 1299 914 1359 iu
936 1299 1147 1360 Mehammeti
1169 1301 1207 1362 ll.
1231 1298 1464 1378 imperatoris

331 1410 404 1470 aula
425 1400 582 1486 educatis,
602 1405 642 1466 nil
663 1405 787 1465 omuino
800 1410 973 1467 memoriae
996 1419 1046 1469 est
1058 1405 1223 1486 proditum.
1245 1405 1351 1470 Gens
1378 1407 1459 1466 Ac-

331 1515 528 1594 ciaiolorum,
552 1515 580 1573 iu
605 1511 745 1575 Graecia
768 1513 1012 1596 dominantium,
1035 1517 1158 1578 omnino
1182 1515 1249 1576 fere
1270 1513 1459 1576 exstincta

332 1633 393 1695 est,
428 1639 521 1702 quam
552 1627 679 1701 gentem
705 1621 858 1698 plebeiam
882 1621 1073 1698 Florentiae,
1095 1622 1234 1703 Neapoli
1254 1623 1454 1702 patriciam,

332 1737 363 1798 in
386 1734 527 1800 Graecia
550 1733 670 1813 regiam
692 1739 841 1796 evasisse
864 1733 1082 1810 Gibhonius¹)
1099 1739 1151 1798 ait.
1175 1737 1292 1800 Ultima
1312 1755 1453 1818 proge-
1516 1769 1517 1814 t

297 1867 298 1870 ¹
332 1847 402 1906 nies
425 1843 542 1904 Nerius
570 1840 697 1923 quidam
720 1841 846 1902 videtur
868 1841 981 1924 fuisso,
1005 1862 1110 1923 quem,
1132 1844 1271 1904 fortasse
1294 1863 1312 1903 e
1337 1843 1451 1905 notho

332 1952 468 2014 alicuius
497 1949 588 2011 ducis
614 1949 677 2011 lilio
700 1948 881 2027 oriundum,
911 1951 1153 2031 Pouquevillias
1169 1955 1197 2021 ⁸)
1220 1951 1363 2012 Athenis
1391 1953 1447 2010 vi·

224 2111 228 2118 ,
334 2059 396 2136 dit,
426 2059 469 2120 nil
491 2065 654 2118 curantem
685 2059 752 2118 iura
775 2066 807 2116 et
827 2057 993 2137 privilegia
1016 2059 1166 2119 maiorum
1191 2056 1447 2138 nobilium,·sed

336 2165 463 2230 asinarii
484 2165 591 2226 ollicio
613 2165 812 2246 fungentem.
834 2195 875 2208 ·-
911 2165 982 2228 Hae
1004 2174 1079 2230 sunt
1101 2166 1171 2228 illae
1193 2175 1258 2229 tres
1281 2167 1444 2228 historiae
1517 2165 1518 2242 l

335 2283 463 2334 nostrae
483 2269 687 2332 Atheniensis
707 2277 857 2346 aetates,
883 2270 923 2332 de
946 2291 1078 2352 quarum
1108 2273 1252 2336 ,lontibus
1282 2292 1354 2335 sum
1391 2273 1446 2334 di-

334 2389 454 2443 cturus.
482 2378 606 2439 Fontes
627 2395 703 2438 vcro
727 2377 817 2457 ipsos
848 2377 972 2440 duobus
989 2381 1162 2458 generibus
1192 2383 1444 2464 distinguendos
1516 2333 1518 2454 i

332 2505 409 2550 esse
441 2486 599 2549 existimo.
643 2485 776 2546 Duabus
806 2486 887 2547 enim
917 2488 1013 2548 rebus
1035 2493 1174 2552 maxime
1202 2486 1349 2552 illustrari
1386 2493 1442 2554 hi-

333 2595 465 2658 storiam
486 2600 623 2656 ooustat.
641 2592 722 2654 Sunt
743 2593 917 2671 scriptores
939 2593 1092 2674 historici,
1115 2598 1167 2676 qui
1191 2599 1341 2678 operibns
1365 2603 1438 2662 suis
1516 2531 1518 2632 i

334 2720 386 2764 res
408 2710 521 2782 gestas
549 2699 720 2760 memoriae
752 2698 947 2761 tradiderunt
976 2710 1008 2762 ot
1039 2711 1095 2764 aut
1123 2707 1276 2785 aequales
1307 2709 1438 2770 luerunt

335 2809 482 2870 rerumit
504 2823 542 2867 se
563 2815 757 2868 narratarum
782 2816 836 2867 aut
858 2809 977 2888 posteri
999 2827 1052 2870 res
1084 2812 1236 2874 maiorum
1267 2835 1437 2896 exposue-

336 2925 420 2979 runt.
466 2914 599 2977 hlaximi
628 2913 771 2994 prolecto
797 2916 887 2994 pretii
916 2925 948 2974 et
977 2918 1126 2978 momenti
1157 2929 1231 2980 sunt
1263 2921 1326 3001 illi',
1362 2927 1432 3004 qui,

333 3029 443 3090 Taciti
465 3027 596 3104 similes,
619 3028 689 3086 sine
712 3027 757 3086 ira
780 3037 812 3086 et
832 3027 939 3098 studio
963 3046 1091 3090 suorum
1109 3039 1284 3112 temporum
1300 3053 1352 3096 res
1365 3046 1437 3098 tra·
1518 3049 1519 3052 ’

334 3133 500 3212 diderunt3
534 3131 593 3194 sed
621 3149 715 3226 quum
738 3131 841 3193 hocce
863 3151 967 3213 genus
988 3133 1138 3199 historiae
1159 3151 1287 3220 perraro
1314 3143 1432 3206 cultum
1517 3125 1519 3184 i

238 3281 240 3284 -
273 3231 279 3240 ¹
335 3243 400 3322 sit,
433 3249 465 3302 et
489 3238 582 3302 medii
612 3240 685 3302 aevi
715 3241 887 3320 scriptores
920 3242 1062 3324 plerique
1091 3245 1309 3313 chronicorum
1342 3254 1438 3315 modo

334 3367 414 3414 suos
427 3349 558 3412 annales
568 3349 815 3428 composuerint,
837 3349 1037 3432 saepissime,
1061 3355 1240 3436 aequalium
1267 3377 1432 3422 commen-

334 3457 425 3518 tariis
449 3455 615 3533 destituti,
646 3451 687 3515 ad
710 3471 768 3515 eos
790 3454 1000 3537 retugiemus‚
1036 3459 1089 3538 qui
1112 3462 1205 3523 rebus
1227 3469 1360 3528 narratis
1373 3487 1435 3547 po·

333 3563 487 3626 steriores
500 3561 637 3634 fuerunt,
654 3561 715 3621 etsi
729 3581 770 3622 ex
783 3561 844 3640 his,
861 3563 934 3656 quid
955 3569 997 3626 sit
1009 3571 1166 3648 integrum
1180 3571 1315 3654 quidque
1337 3573 1430 3637 linca-

207 3691 232 3726 τ
324 3677 420 3751 tum,
444 3686 544 3748 saepe
566 3663 693 3728 summa
714 3683 786 3727 cum
806 3661 959 3730 industria
983 3673 1038 3731 vix
1061 3672 1195 3738 discerni
1217 3696 1315 3757 posse
1338 3702 1427 3744 nemo

334 3775 470 3860 ignorat.
513 3774 645 3836 Gentius
667 3781 772 3836 tamen
796 3777 930 3840 alterum
952 3798 1058 3862 gertus
1079 3793 1141 3865 est,
1164 3789 1249 3868 quod
1272 3810 1323 3872 ea,
1348 3811 1428 3874 qnae
1469 3820 1474 3828 ·

342 3932 600 3948 —n——n—

350 4039 384 4108 1)
401 4042 506 4094 uinum
525 4045 583 4094 hist.
602 4047 635 4096 ot
649 4048 693 4096 the
711 4048 776 4098 decl.
795 4061 819 4098 c.
838 4049 881 4099 62.
901 4051 932 4101 Τ.
949 4052 994 4124 Xl.
1019 4065 1043 4112 p.
1064 4053 1126 4103 160.
1137 4088 1146 4106 .
1157 4089 1164 4105 .
1175 4091 1186 4112 .
1201 4055 1265 4120 „the
1282 4056 1353 4106 third
1370 4057 1421 4117 dy-

397 4140 478 4198 nasty
497 4149 556 4186 was
573 4139 631 4190 that
649 4140 682 4189 oi
698 4142 740 4190 the
759 4141 907 4206 Acclalolt,
930 4155 947 4192 a
965 4125 1074 4209 family,
1099 4145 1220 4210 plebeiae
1237 4153 1265 4200 at
1283 4148 1423 4211 Floreace,

395 4227 653 4290 potentatuique
671 4232 723 4280 aad
741 4233 884 4298 sovereigu
903 4233 928 4284 lu
948 4232 1076 4288 Greeoe.“

342 4309 375 4376 Β)
394 4315 428 4363 ct.
446 4314 564 4380 voyage
580 4321 631 4367 etc.
649 4319 679 4367 Τ.
698 4319 747 4370 lv.
766 4335 790 4382 p.
813 4321 875 4376 rur.
918 4339 934 4367 ‚-
