3110 5446
764 553 966 620 ..Μ-

316 745 347 804 et
358 739 453 804 maris
480 739 699 804 mediterranei
715 737 860 802 dominos
881 755 958 803 esse
975 745 1007 802 et
1030 748 1149 804 tantum
1167 743 1297 806 torreris
1312 743 1427 825 impe-

317 851 363 912 rio
385 850 565 930 Byzantina
582 847 763 910 incussisse
784 851 839 919 ait,
864 855 898 908 ot
922 849 977 910 vix
997 849 1035 910 iis
1058 849 1246 932 Palaeoiogi
1266 851 1431 914 resistere

316 968 459 1037 possent.
483 953 546 1034 Qui
568 975 662 1036 qnam
685 956 821 1018 Athenis
840 955 1044 1036 imperarent,
1066 963 1101 1018 nt
1123 951 1238 1020 foedus
1266 975 1343 1020 enm
1384 960 1428 1020 iis

318 1061 360 1126 ad
381 1061 678 1126 subministrandum
709 1063 943 1145 orueesignatis
964 1063 1082 1126 vietum
1111 1063 1250 1142 iniretur,
1276 1083 1427 1147 magno-

316 1190 394 1252 pere
415 1169 572 1233 eonsniuit
591 1171 626 1242 ¹),
649 1187 742 1250 quem
761 1169 861 1232 ionum
871 1170 898 1230 si
912 1187 984 1232 eum
1002 1172 1125 1232 Sanuto
1148 1179 1181 1232 et
1198 1171 1430 1234 Francisoi

318 1275 533 1340 Baidneoii
564 1275 847 1358 Pegaiottii]
878 1276 1050 1338 Florentiai
1086 1275 1202 1352 (1335)
1229 1279 1429 1360 fragmentis

317 1387 369 1468 iis,
393 1404 479 1468 qaae
499 1386 542 1452 ad
576 1381 745 1452 Graeciam
778 1394 941 1468 spectant,
977 1389 1286 1468 comparaverimus,
1321 1389 1426 1452 muita

317 1493 365 1556 de
391 1494 548 1556 fructibus
588 1501 694 1556 terrae
735 1493 867 1556 Atticae
901 1503 935 1557 et
976 1495 1169 1558 eomnrereio
1204 1495 1247 1562 ibi
1288 1497 1428 1560 terente

317 1601 530 1666 edocebimus.

401 1708 567 1788 Expositis
588 1706 640 1770 iris
661 1705 867 1772 Cateianieae
888 1712 1005 1772 aetatis
1033 1709 1172 1772 fontibus
1212 1709 1430 1774 oeoidentaii-

319 1820 394 1900 bus,
422 1819 462 1882 ad
486 1817 831 1901 Graecos'soriptoros
852 1819 1098 1903 progrediamur.
1142 1820 1193 1882 Ex
1215 1821 1330 1901 quibus
1362 1823 1431 1884 etsi

322 1926 503 1990 chronicon
525 1928 735 1992 Moreotiounr
762 1927 836 1990 iiiod
856 1928 921 1992 hae
952 1945 1078 2010 quoque
1099 1931 1262 2009 pertinere
1282 1927 1433 2008 videtur,

320 2049 415 2112 quum
438 2027 586 2096 Gnaiteri
616 2031 685 2096 iata
706 2035 877 2113 contineat,
902 2042 1019 2114 tamen,
1042 2029 1138 2115 qaum
1160 2036 1224 2095 iam
1254 2043 1352 2096 antee
1385 2033 1432 2095 de
1467 2045 1470 2052 '

317 2156 359 2200 eo
380 2137 552 2221 egerimus,
574 2137 670 2202 etde
692 2158 731 2200 eo
756 2147 789 2202 et
811 2139 851 2204 de
874 2139 1023 2222 Gregora
1051 2139 1104 2204 irio
1125 2137 1294 2203 tacendum
1318 2149 1378 2202 eet.

731 2327 1000 2344 -u--n--d

446 2477 475 2542 b.
517 2475 683 2542 (irenei.

298 2607 300 2610 ’
424 2601 521 2664 Soins
551 2601 644 2683 igitur
672 2598 923 2662 considerandus
962 2607 1014 2662 est
1051 2601 1241 2660 ioannes
1276 2595 1428 2667 Canta-

321 2735 518 2784 ennenus
540 2716 649 2797 ΜΗ),
672 2717 735 2798 qui,
759 2724 857 2796 gente
881 2715 1081 2780 nobilissima
1099 2711 1262 2792 oriundas,
1292 2713 1429 2793 primam

324 2826 451 2888 ioannis
474 2823 660 2906 Paiaeoiogi
684 2832 767 2885 tntor
789 2824 968 2900 institutus,
991 2821 1105 2883 deinde
1127 2821 1196 2900 ipse
1223 2839 1305 2881 anno
1341 2817 1426 2882 1³47

321 2937 454 3015 imperio
475 2933 609 3015 potitus,
638 2951 658 2993 a
682 2931 796 3013 pupilio
819 2950 878 3010 ope
900 2931 1065 2992 Franoisoi
1089 2927 1290 2992 Gasteiueaii
1305 2926 1426 2991 Genn-

325 3043 584 3120 ensis-postea
605 3039 706 3100 Lesbi
728 3038 933 3100 domini—a.
957 3035 1038 3098 1355
1061 3035 1212 3116 depulsus
1228 3041 1279 3097 est
1302 3044 1423 3098 etmo-

323 3147 447 3210 naonus
468 3146 554 3209 noro.
600 3143 662 3220 Qui
685 3129 834 3226 quartuor
856 3143 942 3204 nore
963 3159 1016 3204 reo
1030 3143 1228 3224 syrannus
1243 3141 1321 3204 roe
1341 3140 1425 3203 raso

322 3253 805 3333 arto.135⁷dosorrpstr,qoo
830 3253 861 3312 in
885 3269 992 3331 opere,
1026 3251 1104 3314 aiias
1129 3251 1424 3330 praestantissimo,

324 3365 394 3446 ipse
416 3373 522 3424 tamen
547 3362 660 3422 nimiae
683 3359 832 3420 vanitatis
852 3355 1038 3439 arguendus
1072 3365 1132 3418 est.
1176 3351 1226 3417 De
1254 3357 1344 3418 euius
1373 3356 1426 3416 in-

323 3471 418 3555 genio
440 3473 495 3552 qui
518 3471 608 3550 plura
631 3468 717 3530 seire
739 3465 859 3546 cupiat,
893 3463 1054 3526 Valentini
1090 3462 1223 3524 Parisoti
1270 3463 1378 3524 librum
1392 3463 1426 3534 ⁴)

326 3643 624 3662 W

341 3761 372 3825 r)
392 3762 438 3812 rm
458 3749 489 3815 1ιρ
507 3773 531 3826 ρ.
551 3763 597 3812 nr.
615 3765 639 3812 o.
659 3759 697 3826 (ρ.
716 3759 796 3826 aer).
834 3817 838 3823 ,
1202 3798 1206 3805 .

340 3854 375 3919 8)
393 3854 428 3903 oi.
446 3852 559 3916 Pagnini
585 3853 659 3907 detta
676 3851 778 3901 decima
796 3853 821 3901 di
840 3850 953 3901 Firense
971 3855 1025 3906 ete.
1044 3851 1159 3901 bisbona
1175 3864 1190 3899 a
1209 3851 1298 3898 Lutea
1317 3847 1425 3896 ttae-

392 3945 436 3992 66.
469 3939 560 3992 ivon.
577 3943 606 3996 4.
625 3949 653 3992 et
670 3941 753 3992 Boot.
772 3942 1000 4004 mentientia.
1020 3939 1053 3991 tt.
1071 3943 1102 3991 Τ.
1123 3937 1157 3989 li.
1171 3953 1198 4001 p.
1219 3939 1281 3989 tot.

338 4028 373 4098 8)
391 4033 500 4083 ioannis
519 4029 935 4098 cantaonzeni'ssximperatnrts
952 4028 1123 4078 historiarum
1141 4025 1201 4076 iibri
1213 4021 1250 4073 tv
1276 4023 1421 4072 Graeeeet

393 4122 506 4188 iratio03
521 4135 589 4172 eura
608 4121 635 4176 ir.
655 4122 799 4184 serenent.
818 4121 937 4171 Bonane.
954 4119 1148 4170 teas-reae.
1167 4120 1184 4166 8
1203 4115 1270 4166 voti.
1287 4115 1314 4165 8.

341 4216 374 4276 t)
392 4214 453 4264 Vai.
471 4214 577 4264 Parisoi
594 4207 788 4267 Cantaouzene
805 4213 908 4262 homme
925 4207 1009 4262 ‹t'etet
1025 4216 1052 4261 et
1073 4208 1209 4261 historien.
1232 4205 1317 4257 Paris.
1340 4200 1422 4252 teto.

325 4358 331 4371 ,
391 4299 654 4366 &anuum
