3110 5446
737 499 964 564 -lll-

301 686 363 748 etsi
399 683 535 766 scriptor
571 645 793 766 nonnunquam
825 697 903 744 sese
935 677 1130 760 antiquitatis
1168 679 1424 761 ignarissimu-

299 792 439 874 praebet,
462 803 568 853 tamen
590 808 747 854 excusare
768 807 841 852 eunt
858 788 967 869 liceat,
990 806 1084 869 quum
1107 787 1248 850 tortasse
1265 809 1285 850 e
1301 807 1425 870 popu-

296 900 406 962 larium
430 917 560 962 suorum
575 900 727 962 memoria
747 895 799 959 illa
818 905 1022 958 monumenta
1043 897 1278 958 enumeraverit
1303 905 1415 960 nota·
1505 954 1506 989 ¹

299 1011 447 1086 venitque
469 1005 657 1070 nominibus.
700 1003 774 1082 Quo
794 1003 875 1066 libro
896 1011 929 1064 et
951 1001 1056 1063 villam
1079 999 1184 1084 ducis,
1213 1005 1361 1066 fortasse
1382 1005 1423 1066 in

297 1115 401 1176 insula
414 1112 546 1196 quodam
565 1109 717 1193 Cephissi
730 1129 830 1193 prope
843 1110 1032 1174 Calirrlroeu
1046 1111 1166 1173 lentem
1181 1111 1289 1194 sitem,
1313 1130 1419 1174 com-

300 1231 454 1283 memorat
476 1229 509 1282 et
533 1219 638 1302 magni
660 1217 784 1282 ducalis
808 1218 916 1298 palatii
944 1219 1217 1300 cancellariaeque
1249 1219 1418 1282 ricciario·

299 1328 397 1392 lorum
423 1327 612 1390 mentionem
634 1326 722 1388 lacit.
771 1327 888 1388 'l'otnrn
911 1326 983 1388 illutl
1006 1327 1218 1408 fragmentum
1247 1328 1374 1408 optimc
1393 1347 1418 1392 a

302 1435 421 1500 Rossio
443 1436 636 1517 explicatum
661 1445 725 1512 est,
746 1435 800 1518 qui
822 1435 931 1498 lullani
954 1436 1116 1499 li'ranoisoi
1140 1435 1306 1499 Gianberti
1341 1435 1415 1497 San

309 1540 435 1632 Gello¹)
458 1543 583 1605 tabulas
605 1545 771 1624 eleganter
793 1545 906 1625 pietas,
929 1561 1014 1626 quae
1048 1553 1250 1606 monumenta
1278 1544 1422 1623 antiqua

303 1661 378 1714 ente
409 1654 583 1714 'l'urearum
614 1664 758 1735 tempora
787 1656 948 1718 exstantia
974 1654 1152 1736 illustrant,
1181 1653 1316 1720 ineditas
1348 1653 1418 1718 atl-

305 1759 371 1822 uno
393 1769 524 1823 esreet
546 1765 577 1822 lo
600 1759 790 1822 bibliotheca
812 1761 985 1824 Barberina
1007 1762 1108 1824 latere
1130 1759 1241 1822 rioluit.

384 1869 507 1933 Snntlri
530 1870 689 1932 ioutesae
713 1879 917 1932 monumenta
940 1871 1052 1932 tertiae
1075 1871 1154 1932 iltius
1169 1869 1305 1944 aetatis3
1327 1871 1410 1951 qui-

302 1979 362 2042 bus
384 1981 552 2060 expositis,
575 1980 604 2042 iu
626 1981 717 2043 calce
739 1979 976 2042 dissertationis
986 1997 1088 2062 panca
1111 1977 1152 2040 de
1175 1978 1275 2039 tritius
1304 1977 1415 2040 seri·-

304 2087 518 2166 pluribus
563 2087 750 2152 Venetis
785 2086 936 2169 auliano,¹
960 2086 1029 2168 qui,
1065 2105 1162 2168 quum
1198 2102 1310 2148 omues
1342 2093 1416 2148 tras
1505 2142 1506 2161 ,

302 2193 512 2256 Atheniensis
534 2193 671 2256 ducatus
694 2192 845 2275 periodos
865 2194 1036 2276 attingant,
1059 2193 1248 2274 reliquorum
1272 2192 1411 2254 lentium

302 2301 556 2382 supplementum
587 2312 720 2382 possunt
749 2302 933 2368 existimari.
983 2299 1046 2381 Qui
1067 2303 1254 2383 scriptores,
1276 2303 1413 2382 primurn
1504 2334 1508 2380 t

304 2407 430 2488 integre
456 2425 475 2468 a
499 2407 536 2469 [r.
569 2408 747 2470 Muratorio
778 2409 810 2470 iu
841 2409 1028 2472 collectione
1071 2427 1195 2485 „rerum
1223 2410 1414 2474 tratiearnrn

305 2515 522 2597 scriptorum‘⁴
544 2519 687 2598 vulgati,
717 2526 793 2580 sunt
821 2519 1007 2599 llanrlulns,
1036 2519 1180 2582 Sanutus
1202 2529 1237 2583 et
1267 2521 1414 2602 Naugs·
1504 2527 1506 2583 t

306 2622 392 2706 rius3
421 2625 491 2686 illos
516 2625 609 2706 onim,
630 2625 694 2707 qni,
717 2634 752 2686 ut
773 2625 914 2688 Blourlus
935 2636 968 2689 et
990 2628 1036 2689 ill.
1051 2629 1219 2692 Antonius
1240 2629 1293 2691 ille
1313 2627 1412 2692 Coo·
1505 2640 1506 2643 ’

310 2731 378 2793 cius
399 2715 590 2807 Sabellicus,
612 2733 716 2795 minus
745 2743 893 2798 accurate
914 2736 1090 2816 copioseve
1112 2735 1317 2818 seripserunt,
1341 2736 1409 2798 hoo
1504 2723 1508 2772 t

307 2837 379 2916 loeo
402 2839 650 2919 praetereundos
672 2858 730 2904 eos
752 2838 846 2904 duco.

383 2947 583 3036 ‘Andreas
620 2947 908 3026 Dandulusll,
943 2945 1135 3034 reipublicae
1163 2951 1313 3016 Venetae
1344 2950 1414 3018 dux
1505 2923 1506 2948 ¹

305 3051 562 3132 (tete-1354),
574 3057 711 3136 optimis3
730 3065 764 3118 ut
775 3056 935 3138 suspicari
956 3059 1017 3122 iarn
1035 3059 1120 3136 licet,
1140 3058 1281 3122 fontibus
1302 3059 1411 3142 nixus,

309 3157 420 3224 decern
443 3159 530 3224 libris
544 3161 658 3226 Latino
679 3181 735 3227 ore
755 3181 809 3227 res
834 3163 980 3229 Venetas
1001 3164 1043 3230 ad
1064 3185 1180 3230 anunm
1203 3185 1305 3253 usque
1326 3165 1413 3232 tete

254 3317 264 3326 .
306 3265 492 3348 descripsitt
524 3272 614 3334 ouius
645 3271 750 3349 operis
778 3271 965 3353 gravissimi
992 3273 1072 3342 liter
1099 3273 1266 3350 decimus,
1301 3293 1409 3340 anuos

308 3377 436 3441 1172-
453 3375 533 3440 1342
554 3380 783 3460 complectens,
817 3381 879 3445 hue
900 3382 1087 3446 referendus
1109 3393 1168 3450 est
1213 3384 1287 3462 Quo
1309 3385 1410 3469 quum

306 3485 407 3546 multa
429 3483 470 3548 tle
492 3487 786 3566 crucesignatorum
808 3488 1011 3568 expeditione
1036 3490 1088 3554 ille
1117 3499 1230 3573 quarta
1258 3491 1412 3573 exposita

304 3599 399 3674 sunt,
433 3599 498 3658 tum
528 3591 636 3658 charta
657 3597 835 3667 continetur
856 3595 1123 3680 celeberrimall,
1158 3617 1223 3682 qua
1243 3599 1412 3682 Byzanti·

305 3700 335 3766 ni
366 3698 486 3782 imperii
514 3698 644 3782 divisio,
672 3720 754 3772 auco
785 3699 867 3770 1204
892 3703 992 3782 lacta,
1016 3703 1179 3786 delinitum
1208 3725 1274 3790 qua
1295 3705 1414 3773 charta

287 4024 290 4030 ,
320 3971 356 4044 1).
368 3971 405 4020 cl.
422 3971 441 4020 l.
459 3971 478 4021 1.
497 3985 522 4034 ι).
544 3973 587 4024 tt.

304 4060 351 4126 22)
368 4060 521 4126 Sssfllloree
539 4077 627 4115 rernm
645 4067 796 4124 ttattcarna
814 4073 855 4124 eu.
874 4073 903 4121 ι.
922 4035 1097 4130 muratorius.
1116 4050 1281 4127 muletam
1296 4071 1328 4123 ’1.
1343 4069 1408 4123 xll.

370 4151 451 4202 1738.
471 4151 522 4203 lot.
542 4165 569 4214 p.
588 4151 704 4212 1-41u.

319 4226 605 4312 mnamm
