3126 5400
738 617 950 715 728-

304 797 364 860 uici
387 795 556 861 Mareotiei
587 797 724 888 quinque
740 779 807 864 iam
830 804 921 863 annis
944 809 1019 862 ante
1040 799 1114 861 editi
1138 801 1326 864 mentionem
1349 800 1416 862 l'e·

304 904 383 966 oerit
406 904 522 980 ullam,
551 904 666 966 nimiae
693 905 910 986 negligentiae
941 903 1065 966 videtur
1100 921 1175 966 esse
1208 903 1414 988 arguendus.

304 1009 398 1088 Quod
419 1029 513 1092 porro
535 1010 575 1072 ad
598 1012 742 1074 Athenas
753 1015 780 1088 ¹)
803 1016 925 1095 attinet,
948 1015 1109 1094 Ducangii
1135 1014 1251 1076 tabulis
1274 1032 1410 1098 getica-

302 1117 420 1199 logicis
446 1119 537 1181 nlmis
567 1117 640 1182 fidei
669 1119 778 1184 habuit
799 1130 831 1187 et
852 1141 1018 1204 perperam
1040 1124 1071 1184 in
1092 1125 1298 1184 auriotatione
1320 1140 1405 1206 qua·

257 1281 258 1284 ,
302 1225 373 1290 dam
407 1231 454 1308 (p.
480 1227 556 1302 148]
589 1227 782 1316 Gihbonium
816 1233 1029 1312 vituperavit,
1064 1232 1118 1314 qui
1153 1251 1245 1292 unum
1278 1239 1407 1292 tautum

302 1338 415 1400 ducem
440 1340 656 1402 Brennensem
681 1339 814 1402 Athenis
835 1341 1011 1422 imperasse
1032 1342 1194 1420 statuerit3
1215 1359 1297 1424 qnae
1316 1343 1406 1404 enirm

238 1463 243 1466 ·
300 1447 371 1526 ipse
397 1445 438 1524 de
470 1447 570 1508 trihus
598 1449 667 1509 eius
696 1447 804 1530 stirpis
832 1448 964 1510 ducibus
995 1448 1168 1525 fabulatur,
1202 1448 1404 1530 argumentis

302 1555 499 1636 comprobari
527 1563 660 1634 possunt
688 1555 789 1618 nullis.
834 1555 936 1616 Multo
967 1563 1072 1615 autem
1101 1557 1219 1616 maiore
1243 1572 1313 1614 cum
1338 1571 1401 1614 sa-

300 1664 442 1745 gacitate
472 1670 605 1742 arteque
632 1662 740 1724 critica
761 1661 900 1741 scriptus
927 1662 1054 1724 videtur
1084 1679 1159 1722 esse
1184 1661 1349 1742 llinlayl
1370 1663 1400 1734 Ω)

300 1773 376 1834 liher
398 1775 647 1854 recentissimus,
670 1791 763 1854 quent
789 1774 849 1834 etsi
871 1771 1057 1854 inspiciendi
1079 1772 1153 1836 mihi
1175 1770 1312 1833 nondum
1328 1790 1400 1833 ,co-

300 1883 361 1961 piu,
380 1881 456 1959 fuit,
488 1891 594 1942 tamen
624 1899 674 1942 ex.
694 1880 817 1942 duabus
848 1881 1085 1954 recensionihns
1116 1882 1146 1942 iu
1177 1881 1342 1944 Athenaeo
1365 1889 1400 1942 et

302 1987 562 2070 Augustensihus
586 1986 839 2068 ephemeridibus
849 1988 881 2066 ³)
905 1992 1042 2068 repertis
1058 1971 1204 2066 coniicic,¹
1229 1988 1400 2079 h'inlaynm

298 2097 448 2177 imprimis
471 2093 700 2158 constituendis
732 2095 890 2176 principiis
920 2095 1145 2176 philosophicis
1173 2114 1302 2176 oporam
1321 2094 1398 2160 de·

300 2205 388 2266 disse
402 2204 602 2284 fontibusque
613 2205 774 2283 praeclare
788 2220 878 2266 usnrn
897 2203 1041 2285 eleganti
1049 2221 1197 2264 sermone
1213 2221 1266 2262 res
1283 2200 1398 2266 Grae·

300 2313 369 2373 niae
392 2295 593 2372 universales
613 2310 837 2390 descripsisse.
882 2309 987 2386 Quum
1010 2317 1089 2370 vero
1111 2327 1173 2370 nou
1197 2307 1398 2370 Athenarum

295 2419 456 2482 historiam
479 2435 622 2477 seorsum
645 2418 784 2478 scrihere
805 2414 863 2476 sibi
878 2415 1087 2494 proposuerit,
1110 2431 1263 2476 novarum
1288 2431 1395 2475 rerum

298 2529 356 2590 vix
379 2528 547 2608 quicquam
570 2544 608 2585 eo
631 2543 673 2585 ex
696 2542 791 2604 opere
817 2523 974 2604 proticisci
997 2532 1082 2602 puto.

363 2633 492 2712 ltestat,
517 2631 601 2707 utde
616 2627 921 2714 Fallmeraye‘ro
938 2629 978 2690 V.
991 2629 1038 2688 Cl.
1061 2647 1165 2710 panca
1177 2629 1302 2714 addam,
1328 2633 1390 2712 qni,

297 2729 593 2806 etsiAtheuieusem
615 2736 777 2796 historiam
800 2736 914 2796 nullam
937 2735 1042 2811 edidit,
1064 2746 1170 2798 tamen
1192 2756 1262 2798 eam
1286 2741 1390 2803 multis

296 2851 376 2912 locis
397 2847 551 2910 historiae
571 2863 650 2906 suae
669 2847 868 2906 Mareoticae
889 2843 1005 2924 attigit.
1026 2843 1254 2926 Fallmerayeri
1276 2865 1391 2908 nomeu

293 2959 425 3038 primum
438 2957 556 3017 clarum
568 2953 674 3016 evasit
689 2952 819 3014 historia
834 2953 1190 3032 sua'l'rapezunti11o⁴p,
1204 2971 1295 3034 quam
1308 2971 1390 3017 acu·
1489 2944 1494 2948 ⁵
1541 3008 1542 3045 ,

296 3068 397 3133 demia
412 3069 498 3147 regia
508 3065 703 3126 llavnieusis
719 3063 858 3142 praemio
870 3063 1004 3121 orrravit.
1020 3059 1168 3121 Panareti
1180 3059 1330 3122 chronico
1345 3067 1386 3136 ⁸),

296 3184 374 3236 tuuc
400 3174 430 3234 iu
460 3169 650 3233 bibliotheca
672 3168 837 3231 Marciana
866 3169 1000 3240 latente,
1032 3165 1114 3249 quod
1145 3176 1250 3228 tamen
1275 3177 1389 3248 postea

311 3470 380 3534 1)h
400 3470 420 3522 1.
438 3469 513 3516 Tem.
533 3464 552 3514 Ι,
573 3479 596 3526 p.
617 3462 765 3514 tta-les.

308 3562 342 3628 2)
363 3561 397 3610 G.
415 3559 513 3618 uioray
540 3559 582 3606 the
605 3558 711 3618 history
730 3558 763 3606 of
779 3557 884 3606 Graece
911 3556 981 3605 {rom
1001 3556 1035 3606 its
1053 3562 1183 3620 conquest
1200 3557 1237 3618 by
1255 3558 1298 3606 the
1316 3557 1387 3608 Urn-

357 3655 454 3702 saders
473 3657 500 3700 tc
520 3650 554 3698 its
572 3655 703 3711 conquest
721 3634 819 3708 hythe
839 3648 929 3698 'l'nrhs
938 3681 948 3711 ,
966 3651 1018 3698 and
1037 3649 1069 3698 of
1085 3650 1129 3698 tha
1146 3649 1255 3711 sopire
1269 3651 1300 3702 ol
1315 3650 1386 3700 'l're-

357 3745 462 3793 hizoud.
483 3741 604 3790 haddon.
627 3742 707 3794 1851.
724 3742 750 3788 8.

266 3867 268 3872 ψ
306 3833 340 3900 8]
358 3835 394 3885 cl.
412 3835 467 3882 'dhe
486 3833 660 3881 Athenaeum.
690 3831 770 3880 1851.
789 3831 824 3886 Ν.
845 3831 924 3880 1218,
943 3844 966 3892 p.
985 3833 1131 3880 893-895
1149 3837 1191 3882 et:
1218 3831 1384 3896 Aligemeiae

353 3929 480 3990 zettuug.
500 3929 654 3990 Angshurg.
677 3927 756 3980 isat.
775 3924 810 3980 N.
827 3928 883 3977 3110
902 3933 929 3976 et
947 3929 1001 3976 365
1020 3931 1087 4002 (τεο.
1107 3927 1318 3989 Fallmerayer).

298 4009 338 4084 A)
354 4023 383 4071 J.
402 4021 447 4069 t’h.
466 4019 655 4080 Fallmerayer
673 4021 829 4072 Geschiehta
848 4024 894 4070 des
912 4022 1098 4072 Kaiserthums
1116 4019 1280 4087 Trapezuut.
1304 4021 1385 4072 idda·

354 4113 431 4162 chan.
451 4110 531 4158 isar.
549 4110 577 4160 4.

302 4206 337 4268 h)
357 4203 487 4254 Eustathii
506 4203 638 4264 opuscula
656 4205 697 4252 ed.
716 4202 802 4252 Talei.
840 4203 1012 4254 Francoturti
1030 4219 1054 4254 a.
1075 4206 1111 4260 M.
1141 4204 1220 4254 18³2.
1240 4205 1266 4254 4.
1285 4219 1310 4266 p.
1328 4205 1385 4254 862

353 4299 456 4346 1-1173.
491 4299 643 4346 Panaretus
666 4305 692 4346 et
714 4297 885 4360 lingonicae,
913 4297 1132 4362 Trapezunttoae
1161 4298 1288 4348 historiae
1313 4299 1384 4348 seri-

351 4398 450 4455 ptores.
