3110 5446
571 555 819 646 -mq

119 773 166 813 eu
192 747 271 812 libro
294 747 477 829 reperiendo
499 747 698 829 desperaret,
719 751 907 832 catalogum
921 751 1230 816 bibliothecaellnr-

123 859 299 942 grandieae,
320 877 337 918 a
356 857 530 918 hlarchalio
555 857 594 918 V.
613 857 663 919 Cl.
686 861 803 938 optime
825 859 1001 922 institutum
1020 865 1057 941 ¹),
1079 863 1232 946 inspexit,

123 979 172 1041 et,
194 983 290 1045 quem
312 965 431 1027 frustra
454 976 520 1026 tota
546 964 686 1028 Graecia
710 969 931 1047 quaesiverat,
960 969 1093 1030 eundem
1118 972 1230 1033 librum

123 1073 293 1134 Bruxellis
327 1083 441 1132 nactus
472 1083 530 1136 est.
598 1072 788 1134 continetur
820 1082 926 1135 autem
956 1075 1068 1138 codice
1096 1095 1171 1143 mss.
1200 1099 1231 1143 o.

127 1180 236 1242 toros
258 1187 336 1254 (ran
360 1180 521 1243 Hnlthern.
542 1182 644 1258 226),
667 1187 739 1264 qul,
758 1187 890 1246 saeculo
913 1188 997 1248 XV⁰
1013 1189 1166 1270 scriptus,
1189 1189 1246 1252 ab¹

128 1287 261 1348 Andrca
293 1273 470 1353 Franciseo
504 1291 665 1352 laereusio
701 1291 863 1374 quondam
889 1309 1083 1374 possessae,
1119 1296 1232 1361 deinde

126 1396 306 1458 llnlthemii
334 1397 545 1460 bibliothecae
575 1399 712 1459 insertus
741 1409 812 1474 estt
840 1401 892 1482 qui
921 1402 999 1462 liber
1028 1403 1229 1470 inscribitnrr

125 1505 204 1580 „lle
229 1505 260 1565 ha
284 1512 461 1586 conquesta
483 1503 524 1566 de
547 1505 575 1564 la
599 1502 747 1566 Morde.“
788 1507 857 1566 mei
880 1505 957 1568 lolia
978 1505 1120 1588 aas-363
1141 1512 1230 1573 62-

122 1609 169 1670 63
191 1611 317 1672 omniuo
334 1609 554 1672 desiderantur
576 1619 608 1671 et
629 1611 659 1671 in
682 1611 841 1687 loliis-bl,
861 1612 913 1686 86,
937 1613 1004 1689 178,
1028 1609 1088 1676 179
1109 1617 1228 1699 aliquot

126 1719 267 1779 lacaenae
296 1719 511 1799 reperiuntur,
539 1729 646 1779 tamen
669 1719 719 1780 illa
744 1720 946 1782 intercidisse
966 1739 1027 1784 non
1051 1726 1143 1786 nimis
1164 1725 1224 1788 do·
1321 1701 1324 1709 ’

127 1823 255 1885 lendum
278 1833 346 1902 est,
369 1841 463 1904 quum
487 1831 542 1884 aut
564 1823 724 1886 Chronico
747 1825 799 1885 illo
823 1827 1003 1889 Mareotico
1023 1832 1231 1910 suppleantur

128 1931 265 1994 lacunae
289 1936 373 1994 istae
391 1942 445 1994 aut
464 1933 558 1994 nihili·
571 1933 790 1996 aestimandae
812 1935 883 1994 sint.
929 1933 991 2011 Oui
1015 1937 1093 1998 liber
1115 1957 1229 2021 qnem-

127 2039 297 2104 admodum
316 2040 346 2101 in
357 2039 504 2120 belgium
527 2039 620 2102 luerit
643 2041 823 2119 translatus,
844 2057 1059 2122 cognoscere,
1083 2065 1145 2108 non
1162 2047 1226 2109 dil·

131 2134 217 2208 licile
237 2155 308 2225 est,
337 2145 492 2226 siquidem
514 2143 731 2219 recordamur,
762 2145 915 2222 plurimos
945 2147 1059 2208 milites
1083 2151 1232 2233 Belgicus

131 2253 366 2334 crucesignatis
390 2269 467 2312 sese
489 2250 675 2314 adiunxisse
690 2259 733 2326 et,
752 2253 841 2333 agris
855 2251 1093 2336 honoribusque
1106 2268 1230 2336 auctos,

130 2360 161 2418 in
185 2356 325 2420 Groneia
352 2360 549 2418 remansisse
578 2375 640 2418 una
669 2373 742 2418 oum
772 2357 963 2436 imperatore
992 2361 1045 2422 illo
1069 2363 1232 2442 balduino,

136 2467 308 2528 Flandriae
330 2465 466 2544 eomite3
502 2479 584 2545 quos·
611 2465 705 2526 etiam
730 2471 803 2544 post
824 2466 934 2529 urbere
956 2472 1126 2550 amissam,
1159 2492 1233 2536 cum

131 2574 282 2636 allinibns
304 2573 389 2652 suis,
418 2573 470 2652 qui
493 2571 522 2632 in
545 2575 646 2652 patria
667 2581 907 2650 remanserant,
939 2575 1134 2640 familiariter
1158 2601 1232 2646 esse

133 2691 299 2754 versatos,
335 2680 488 2742 Florentii
510 2679 592 2740 illius
625 2679 873 2755 nunnamenster,
895 2682 1037 2748 Achaiae
1066 2689 1229 2770 principis,
1340 2671 1342 2676 ¹

134 2791 281 2868 exemplo
315 2787 456 2848 docetur.
516 2789 609 2852 Hune
637 2789 731 2868 igitur
764 2789 906 2852 codicem
937 2793 1117 2858 Buchonius
1149 2817 1231 2862 anno

139 2895 400 2958 181511111οοω
431 2895 625 2974 protulitss),
658 2913 760 2977 neque
790 2905 893 2958 tamen
923 2901 1090 2982 quicquam
1125 2909 1158 2966 in
1194 2927 1233 2970 ea

135 2995 276 3065 editione
303 3004 459 3081 mutavit3
493 3003 566 3086 quin
597 3005 692 3064 etiam
716 3003 971 3084 orthographiam
996 3007 1117 3071 codicis
1140 3013 1234 3076 valde

138 3117 368 3175 inconstantem
389 3122 423 3174 et
445 3111 754 3193 quasilluetuantem
769 3112 907 3188 retinuit,
930 3132 1036 3196 quum,
1060 3115 1123 3179 hoc
1138 3121 1233 3182 unico
1339 3136 1342 3141 “
1392 3179 1397 3202 p

139 3227 381 3304 cadcemnus,
414 3221 484 3287 eam
513 3227 682 3288 emendare
709 3241 770 3285 non
800 3223 941 3304 auderet.
984 3227 1024 3288 m
1049 3240 1138 3291 recte
1160 3233 1235 3295 milri

140 3334 264 3394 videtur
286 3333 418 3407 fecisse,
441 3334 537 3414 quod,
562 3335 664 3413 qualis
688 3341 756 3392 erat
778 3331 893 3406 codex,
913 3333 1007 3393 talem
1032 3352 1103 3395 eum
1125 3339 1235 3419 impri-

139 3439 283 3502 mendum
308 3440 439 3501 curavit.
460 3441 565 3517 Quam
585 3439 755 3500 editionem
779 3448 810 3499 et
832 3429 1027 3518 praelatione
1048 3439 1240 3512 doctissima

164 3716 190 3782 1)
209 3717 363 3770 laveutaire
381 3716 426 3766 des
445 3730 508 3766 mss.
527 3714 558 3767 de
576 3716 727 3767 l’aneieone
746 3714 924 3782 bibliotheque
943 3721 1041 3781 royale
1059 3721 1105 3770 des
1122 3718 1187 3770 dues
1206 3726 1237 3774 de

205 3809 379 3870 Bourgogae,
398 3803 488 3869 publia
507 3820 556 3868 par
573 3809 710 3858 Marchal.
728 3807 880 3870 bruxelles.
902 3809 973 3858 1839
990 3824 1048 3873 sqq.
1067 3813 1083 3860 3
1101 3811 1235 3865 Voll.fol.

155 3906 188 3974 Ι2)
205 3903 240 3954 he
259 3905 326 3956 livre
344 3907 377 3956 de
391 3883 423 3954 la
441 3902 595 3967 Conqueste
613 3907 647 3954 de
665 3905 693 3954 le
711 3904 822 3956 Princee
839 3909 871 3957 de
889 3907 916 3955 la
932 3902 1038 3972 Marce,
1057 3906 1149 3969 public
1166 3923 1237 3974 poor

204 4001 233 4048 ln
251 3995 384 4061 premiere
411 4001 461 4049 lois
485 3995 594 4062 d’npres
614 4011 649 4048 un
668 4013 716 4048 ms.
737 4003 769 4048 de
786 3999 816 4048 la
833 3993 1014 4060 bibliotheque
1039 3997 1087 4050 des
1110 4002 1176 4052 does
1203 4004 1237 4051 de

206 4092 368 4154 Bourgogae
385 4085 403 4140 a
420 4091 578 4154 bruxelles,
602 4101 669 4138 avec
692 4095 770 4138 notes
788 4095 815 4138 et
831 4083 1074 4140 &claircissemeats
1084 4125 1093 4154 ,
1111 4103 1162 4152 par
1180 4092 1235 4140 brr-

205 4181 284 4234 cbon.
319 4179 405 4228 Paris.
433 4177 514 4232 rste.
539 4180 565 4228 Β.
600 4163 787 4241 (hecbercbes
814 4177 972 4240 historiques
994 4184 1046 4228 eto.
1073 4175 1094 4230 l.
1117 4177 1236 4241 Epaone.

205 4269 289 4318 Teme
306 4269 345 4333 Ι.)
